3144 4788
381 487 447 554 Hio
479 485 800 554 animadvertendum
832 491 882 552 est
913 486 1092 570 composita
1117 488 1295 572 possessiva
1316 508 1392 553 non-

297 618 473 682 numquam
504 597 552 663 ita
582 596 730 663 adhiberi
762 601 807 678 ut,
836 593 1009 662 obliterata
1030 595 1184 662 nominali
1204 597 1393 680 posterioris
1495 665 1500 674 ,

295 708 399 794 partis
431 712 559 790 natura,
592 706 781 789 significatio
814 704 952 772 verbalis
978 706 1135 790 paulatim
1162 707 1329 792 irrepsisse
1351 709 1394 773 vi-

296 818 427 885 deatur:
461 809 663 904 αὐτόφορτος
694 809 798 901 οἰκείᾳ
830 819 911 902 σαγῇ
932 815 996 892 (ofr
1017 837 1049 900 p.
1074 821 1123 899 76,
1147 821 1232 892 111).
1276 818 1395 903 Neque

296 925 479 996 mirandum
511 932 570 1008 est,
593 927 620 992 si
652 926 751 1010 ipsius
784 925 896 992 formae
924 946 998 992 oum
1022 925 1190 1011 adjectivis
1211 927 1395 995 verbalibus

296 1039 330 1105 in
363 1059 435 1114 -τος
466 1035 641 1103 similitudo
674 1035 915 1117 significationis
945 1038 1156 1103 mutationem
1191 1038 1311 1122 effecit,
1348 1039 1396 1105 ita

297 1154 335 1214 ut
365 1146 505 1214 verbalis
535 1145 784 1228 intelligeretur:
820 1145 930 1210 hustad
960 1146 1032 1211 med
1056 1167 1133 1228 open
1148 1149 1323 1233 parionem,
1346 1149 1396 1215 etr

298 1251 412 1333 ἔνθεος
432 1250 530 1339 Ἄρει,
551 1252 711 1336 τέχναισιν
732 1255 917 1337 inspiratori
937 1256 1078 1340 (penem)
1099 1277 1132 1340 p.
1157 1262 1206 1324 79.

385 1366 472 1452 Quin
493 1387 569 1432 vero
591 1366 689 1432 etiam
711 1366 782 1450 ipsa
800 1367 898 1450 stirps
913 1365 1083 1432 nominalis
1098 1365 1140 1432 ad
1156 1366 1397 1436 similitudinem

298 1478 446 1561 stirpium
468 1475 645 1544 verbalium
668 1495 909 1558 nonnumquam
930 1482 1056 1542 mutata
1076 1478 1119 1543 sit
1139 1479 1172 1543 in
1195 1477 1328 1544 dubium
1343 1482 1398 1546 vix

298 1588 407 1654 vocari
428 1591 549 1671 potest:
573 1581 786 1666 κακομέλετος
807 1578 842 1646 to
863 1594 908 1670 (p.
934 1591 1023 1668 100);
1051 1586 1155 1653 Dind:
1178 1587 1276 1654 malis
1297 1611 1396 1656 enno-

300 1697 421 1763 tiondis
436 1699 609 1778 occupatus
627 1698 666 1761 “a
679 1692 828 1775 μέλομοι,
844 1716 910 1762 non
924 1716 945 1761 a
958 1693 1074 1776 μέλος“
1093 1695 1180 1772 (vide
1195 1698 1257 1764 lex.
1269 1699 1396 1776 Dind.).

300 1806 365 1874 Sed
397 1813 506 1872 tamrm
531 1805 593 1871 hoo
619 1805 831 1889 compositum
853 1804 895 1871 ad
917 1802 1014 1885 μέλος
1035 1806 1240 1874 referendum
1263 1831 1331 1875 esse
1353 1811 1398 1875 vi-

300 1916 404 1998 detur,
426 1917 473 1981 ita
488 1922 525 1981 ut
539 1915 580 1981 ad
596 1913 836 1981 similitudinem
851 1915 963 1981 talium
979 1916 1088 1998 qualia
1102 1923 1178 1984 sunt
1199 1913 1398 1998 ὄοοβάοκτος

299 2020 410 2102 (αὐδά)
442 2019 606 2110 ὸύσφατος
636 2019 793 2106 (κλαγγά),
829 2019 1012 2108 νοάγγελοος
1044 2021 1171 2112 (φάτις)
1202 2027 1313 2092 fiotum
1344 2029 1397 2093 sit.

300 2137 413 2220 Atque
445 2137 492 2201 ita
523 2134 624 2202 multo
656 2133 770 2199 melius
797 2135 946 2200 convenit
965 2133 1014 2198 illi
1035 2130 1240 2221 κακοφάτιδα
1261 2129 1342 2217 βοάν
1362 2137 1398 2202 in

300 2246 413 2312 eodem
445 2267 540 2310 versu
571 2244 686 2328 posito.
730 2244 856 2310 Eodem
878 2243 973 2310 modo
995 2245 1092 2328 stirps
1114 2245 1284 2312 nominalis
1305 2267 1398 2312 vooa-

299 2355 367 2420 buli
400 2348 553 2440 ὁμηγυρής
585 2353 627 2420 ad
660 2353 899 2420 similitudinem
931 2354 1017 2420 illius
1049 2353 1136 2438 quod
1163 2362 1212 2421 est
1244 2348 1398 2442 ὃμηγερής

301 2464 429 2542 (Hom.)
451 2469 576 2530 mutata
596 2469 655 2530 est.

651 2756 1053 2765 ψ-
