3094 4786
701 341 738 401 61

172 507 224 572 ch.
260 511 320 571 176
352 505 447 590 (ar-lyr
480 502 584 590 ἰδεῖν),
617 499 798 590 προσφιλής
829 506 871 571 al.
899 511 979 590 sept.
1003 509 1074 587 580,
1108 498 1267 590 sepulturis
1309 493 1311 498 ’

172 617 215 682 11.
250 622 299 698 70,
333 612 489 702 συμμιγής
520 615 561 682 al.
594 619 674 699 sept.
711 617 780 697 741,
813 609 983 702 ὑπερτενὴς
1007 621 1053 700 pt.
1081 615 1265 696 11.107,0,

171 721 337 813 ὑπερφυής
356 726 398 792 al.
422 727 462 792 11.
486 719 745 809 2261101113ος).

258 836 299 902 P:
323 828 464 922 ἀβλαβής
485 835 526 901 01.
548 842 614 920 pyt.
637 835 739 918 VIII,
763 839 803 900 56
826 834 906 920 (λαῷ
928 827 1021 916 ἀ-εῖ),
1044 833 1085 900 01.
1101 833 1209 916 XIII,
1226 838 1266 898 16

171 940 289 1030 (λαόν),
322 938 472 1030 ἀμεμφής
504 945 545 1012 01.
579 943 641 1027 VI,
674 949 725 1027 46,
758 938 902 1030 ἀπαθής
933 945 974 1012 al.
1007 945 1046 1010 11.
1076 948 1114 1010 15
1146 937 1266 1028 (τύχα),

171 1047 336 1140 ἀστραβὴς
368 1054 408 1120 01.
442 1055 482 1120 01.
517 1055 565 1135 II,
592 1060 633 1120 90
654 1046 727 1140 (ἆ-ῐ]
750 1049 865 1139 κίονα),
887 1046 1035 1141 ἀσφαλής
1054 1055 1086 1120 h.
1108 1059 1174 1139 pyt
1197 1053 1266 1134 ΙΙΙ,

172 1169 224 1246 86,
247 1156 374 1247 ἀτειρής
395 1164 426 1228 h.
450 1164 489 1230 ol.
513 1164 561 1246 ΙΙ,
585 1170 624 1230 36
646 1158 733 1249 (oi-ai
754 1162 809 1229 σὺν
829 1155 971 1248 ἀγαθῷ),
998 1156 1109 1251 ἀτενής
1129 1164 1161 1230 h.
1183 1183 1265 1228 nem.

171 1273 255 1356 VII,
278 1279 318 1339 88
340 1266 425 1348 (oi-ai
445 1269 533 1358 νόῳ),
556 1266 680 1361 ἀφανής
701 1275 742 1340 al.
764 1274 804 1339 11.
827 1277 888 1338 023
915 1267 1112 1356 (ταρτάρου),
1145 1265 1267 1358 ἐγγενής

171 1383 213 1449 al.
237 1404 318 1448 nem.
341 1382 389 1464 X,
413 1385 451 1448 51
475 1380 601 1468 (σφίσιν
627 1379 719 1466 ἑ-ἕς),
753 1376 896 1470 ἐμφανής
921 1384 962 1450 al.
985 1383 1023 1448 11.
1048 1375 1265 1463 229(ἷ11γος),

172 1485 295 1579 ἕμφυής
315 1491 356 1558 ol.
379 1493 426 1573 X,
449 1497 499 1574 20,
523 1487 681 1578 ἐπιφανής
702 1493 743 1558 01.
766 1499 831 1578 pyt.
855 1493 937 1576 VII,
961 1500 989 1575 7,
1013 1486 1149 1578 ὁμοκλὴς
1163 1497 1208 1575 pt.
1225 1491 1264 1556 f.

173 1607 223 1684 70,
246 1597 391 1688 συγγενής
412 1602 453 1668 al.
475 1609 541 1688 pyt.
564 1602 606 1684 V,
632 1608 679 1684 17,
702 1602 764 1686 IV,
790 1607 859 1686 133,
882 1598 1057 1689 τηλεφανὴς
1072 1603 1102 1668 h.
1119 1603 1158 1668 11.
1176 1605 1226 1685 95,
1241 1621 1265 1672 7.

257 1711 335 1777 Jam
356 1711 444 1795 apud
471 1711 651 1777 Homerum
673 1712 775 1778 multa
796 1718 872 1777 sunt
892 1712 1039 1797 exempla
1059 1712 1154 1794 illius,
1177 1713 1264 1796 quod

170 1843 271 1908 supra
282 1823 487 1906 pertractavi,
498 1823 624 1904 generis
635 1832 681 1898 (0)
692 1843 789 1906 quum
802 1823 913 1888 activae
925 1822 974 1886 vel
985 1823 1194 1888 intransitivae
1205 1823 1265 1904 sig-

171 1933 363 1999 nificati0nis
377 1923 584 2015 (decarpenda
603 1923 760 2016 ἀπευθής,
772 1927 897 2018 δυσαής,
910 1924 1081 2016 ἐκπρεπής,
1094 1925 1265 2018 ἕπηρεφής,

172 2036 386 2127 obtruncatis,
407 2035 562 2125 11100010)
583 2046 652 2106 tum
674 2041 770 2106 etiam
791 2041 889 2125 plura
906 2042 1040 2126 passivae
1060 2033 1264 2126 (ἀριφραδής,

171 2146 304 2237 εὐεργής,
337 2144 454 2235 εὐήρης,
487 2143 660 2234 aduersaria,
694 2144 837 2236 εὐπηγής,
870 2145 1037 2237 εὐρραφής,
1064 2145 1265 2234 παλαιγενής,

170 2255 346 2348 ἆφηρεφής,
370 2252 586 2346 ἅμφιδρυφής,
609 2255 811 2347 κατηρεφής).
846 2259 1022 2344 Sophocles
1044 2282 1172 2344 quoque
1187 2282 1264 2325 non·

170 2371 260 2438 nulla
280 2369 385 2436 finxit:
410 2361 598 2454 ἀποστιβής,
621 2364 805 2454 καταρρυής,
828 2362 1264 2456 ὑπερβριθής-ἆκαλυφής,

170 2474 332 2566 ἄστεργὴς,
354 2473 486 2565 ἀψεμής,
509 2473 664 2566 duplicabo,
687 2472 897 2563 καταστεφής,
920 2473 1138 2566 κατασκαφῆς.

255 2589 366 2654 Etiam
387 2611 427 2654 ex
448 2587 614 2674 adjectivis
635 2587 817 2655 verbalibus
831 2590 865 2654 in
880 2610 933 2673 -ης
947 2609 1047 2654 unum
1062 2589 1264 2674 alterumque

172 2699 214 2766 ad
236 2697 499 2780 significationem
520 2698 728 2782 potentialem
750 2699 902 2764 transisse
924 2698 1051 2764 videtur
1083 2699 1165 2783 (Ae:
1189 2699 1264 2764 dvo-

170 2804 289 2894 μαθής,
316 2802 475 2893 εὐμαθήςς
506 2807 548 2872 P:
576 2800 737 2893 ἀστραβής
759 2801 924 2893 ἀμεμφής
957 2808 1006 2873 011
1027 2807 1130 2874 Hom:
1154 2801 1263 2896 ἆαγὴς,

171 2912 300 3004 ἀτειρής
322 2910 511 3002 ἅριφραδής,
534 2915 638 3000 Soph:
662 2910 854 3003 ἆστραφής).

256 3027 297 3092 In
329 3027 454 3108 generis
487 3025 721 3092 determinativi
753 3026 919 3111 adjectivis
951 3026 1133 3094 verbalibus
1158 3028 1192 3092 in
1215 3049 1264 3112 -pc

171 3137 361 3204 adhibendis
383 3137 459 3201 licet
479 3135 587 3202 videre
609 3134 808 3222 Aeschylum
823 3137 925 3202 multo
940 3139 1151 3222 copiosiorem
1165 3157 1263 3220 quam

171 3247 349 3314 Pindarum
372 3247 478 3311 luisse.
523 3245 609 3311 Nam
632 3268 731 3329 quum
758 3247 922 3312 Pindarus
943 3247 985 3313 ad
1006 3251 1048 3312 40
1070 3245 1262 3329 adhibuerit,

170 3357 353 3442 Aeschylus
386 3356 428 3422 ad
463 3360 522 3420 140
555 3375 631 3420 usus
664 3361 721 3421 est.
765 3353 819 3422 Ac
852 3358 878 3421 si
906 3378 943 3421 ea
965 3358 1167 3437 omittuntur,
1190 3378 1262 3440 quae

170 3473 229 3534 aut
259 3465 300 3532 ab
333 3464 478 3531 Homero
500 3473 629 3550 sumpta
650 3471 726 3531 sunt
746 3473 804 3531 aut
824 3467 952 3550 utrique
975 3471 1050 3532 sunt
1071 3467 1261 3548 communia,

54 3569 58 3576 ’
170 3575 353 3661 Aeschylus
384 3575 458 3659 plus
492 3581 551 3640 100
583 3576 720 3655 novavit,
743 3574 880 3658 duorum
902 3575 1034 3641 dimidia
1055 3575 1123 3640 1010
1144 3595 1222 3659 pars
1242 3596 1277 3644 a.

170 3686 259 3752 nullo
290 3686 354 3752 alio
386 3685 544 3770 scriptore
571 3683 716 3750 adhibita
737 3691 795 3766 est,
817 3685 979 3751 Pindarus
1001 3691 1115 3751 contra
1135 3692 1262 3752 tantum

172 3800 211 3862 la
243 3795 337 3861 finxit
367 3795 445 3879 (tria
466 3793 507 3859 ab
529 3815 567 3860 eo
589 3795 657 3861 solo
679 3794 846 3880 adhibita).
891 3795 933 3860 Id
965 3816 1093 3880 quoque
1120 3793 1262 3861 animad-

170 3903 358 3972 vertendum
380 3909 437 3987 est,
460 3925 559 3988 quum
581 3905 764 3991 Aeschylus
784 3907 893 3991 priore
913 3907 948 3971 in
969 3911 1063 3990 parte
1078 3927 1143 3971 non
1157 3905 1262 3970 minus
1377 3987 1379 3992 Ι

169 4035 254 4099 sape
276 4035 392 4080 nomen
414 4035 512 4098 quam
533 4014 721 4082 adverbium
742 4021 852 4100 ponat,
874 4015 1053 4082 Pindarum
1068 4035 1140 4082 cum
1156 4014 1262 4100 adjec-

170 4125 243 4192 tivis
258 4123 440 4192 verbalibus
454 4124 488 4189 in
504 4147 555 4212 -ης
570 4145 686 4192 nomen
701 4147 836 4212 perraro
851 4128 1062 4213 conjunxisse.
1095 4124 1260 4192 Homerus
