3094 4786
794 323 817 388 4

254 491 435 584 posteriore
466 501 561 580 parte
593 495 697 560 inesse
729 500 827 577 atque
860 495 944 560 sicut
975 492 1018 560 ad
1049 493 1220 564 arbitrium
1245 519 1350 568 sermo

256 624 497 690 nonnumquam
529 611 614 687 agat,
647 610 684 670 ut
709 625 774 669 non
794 609 921 668 mutata
941 603 1174 685 significatione
1196 611 1351 675 utramuis

255 719 417 784 notionem
432 715 644 800 principalem
659 711 777 780 reddat
791 722 889 798 atque
900 715 1079 796 posteriore
1088 716 1124 780 in
1135 723 1229 800 parte
1240 726 1351 801 ponat,

253 830 301 894 ita
323 834 468 893 nostrum
491 845 560 890 esse
581 823 623 889 ab
644 845 685 889 ea
706 845 804 908 qnam
823 844 930 889 sermo
945 825 1157 908 principalem
1172 827 1353 896 reddiderit

254 939 385 1004 notione
406 939 440 1002 in
462 933 653 1020 explicando
674 932 836 1018 proficisci
851 935 887 1018 ¹).
924 933 975 998 At
996 935 1081 1000 enim
1098 936 1184 1018 quod
1200 937 1281 1004 dicit
1296 959 1353 1004 no-

254 1050 373 1114 tionem
395 1047 582 1131 primariam
605 1045 783 1128 posteriore
805 1045 838 1108 in
860 1050 954 1126 parte
968 1046 1105 1128 positam
1121 1048 1231 1130 priore
1246 1047 1352 1114 deter-

245 1157 378 1238 minari,
407 1157 440 1220 in
473 1154 575 1220 multo
597 1151 744 1238 pluribus
766 1173 877 1218 verum
900 1161 950 1220 est
969 1153 1051 1220 illud
1074 1155 1215 1240 quidem,
1238 1159 1294 1224 sed
1317 1159 1350 1224 in

253 1266 401 1332 omnibus
423 1265 519 1349 hujus
541 1264 666 1346 generis
682 1265 866 1346 compositis
880 1266 1022 1348 priorem
1036 1271 1164 1349 partem
1178 1269 1351 1351 posteriori

252 1376 403 1461 subjungi
436 1392 615 1440 sermonem
643 1372 789 1455 voluisse,
811 1372 845 1438 id
867 1395 942 1440 vero
965 1375 1043 1440 mihi
1065 1378 1263 1460 persuadere
1285 1398 1350 1444 non

252 1505 391 1570 possum.
421 1485 466 1554 m
481 1502 552 1568 quoe
569 1503 592 1548 a¹
603 1483 738 1568 Meyero
754 1482 893 1550 collecta
903 1487 1168 1570 suntcomposita
1179 1487 1350 1570 diligenter

252 1596 449 1661 examinanti
471 1587 643 1679 apparebit
664 1613 729 1658 non
752 1591 872 1676 deesse,
895 1615 1032 1676 qnorum
1047 1598 1133 1662 inter
1146 1605 1258 1680 partes
1273 1619 1350 1664 num

251 1703 433 1774 intercedat
465 1705 549 1770 ratic
582 1702 831 1768 determinativa
860 1705 894 1768 in
927 1705 1060 1772 dubium
1089 1707 1270 1773 vocandum
1297 1711 1349 1775 sit.

253 1815 348 1901 Quod
381 1815 511 1898 quidem
537 1815 737 1879 verissimum
759 1819 808 1878 est
828 1813 862 1878 in
882 1815 931 1896 iis,
954 1835 1091 1898 quorum
1113 1825 1253 1901 utraque
1272 1837 1349 1902 pars

251 1925 370 1991 animal
402 1923 571 2006 significat,
598 1925 646 1989 ita
671 1930 708 1989 ut
728 1923 877 2008 quadam
899 1925 1066 2008 utriusque
1088 1930 1222 2012 propria
1242 1929 1350 1994 conf-

250 2041 367 2101 rantur
382 2035 559 2118 composito
574 2034 616 2099 ad
631 2033 861 2103 declarandum
878 2055 977 2100 unum
993 2038 1122 2119 animal,
1139 2039 1226 2122 quod
1241 2040 1350 2104 omnia

249 2145 384 2230 propria
403 2144 460 2209 illa
481 2143 723 2227 complectatur.
761 2143 803 2208 In
817 2143 867 2209 his
883 2145 1077 2228 compositio,
1093 2165 1230 2230 quorum
1246 2150 1349 2214 multa

250 2275 304 2320 eas
331 2254 442 2319 beluas
468 2253 659 2336 significant,
687 2275 759 2337 quse
781 2253 843 2318 nisi
865 2254 1060 2336 cogitatione
1081 2257 1165 2324 fictae
1187 2277 1347 2342 nusquam

249 2365 390 2448 inerunt,
424 2365 570 2429 neutrius
596 2365 699 2448 partis
731 2365 820 2429 notio
853 2370 920 2430 tam
942 2366 1054 2430 stricte
1076 2369 1287 2451 retinebatur,
1310 2375 1347 2435 ut

248 2475 353 2540 altera
379 2473 516 2540 alteram
543 2473 758 2540 determinare
780 2477 962 2540 sentiretur.
1006 2476 1155 2544 Priorem
1177 2480 1347 2562 compositi

248 2591 374 2669 partem
396 2603 461 2650 non
483 2587 588 2649 minus
610 2585 730 2650 acriter
751 2607 848 2668 quam
870 2586 1082 2670 posteriorem
1104 2589 1246 2654 animum
1262 2607 1346 2654 oom-

153 2699 157 2707 ’
248 2697 382 2760 movisse
403 2695 471 2759 veri
493 2695 688 2760 simillimum
711 2702 768 2760 est.
813 2696 926 2778 Atque
948 2695 1034 2760 illius
1060 2693 1347 2783 καμηλοπάρόαλις

247 2806 410 2872 rodonem
431 2807 619 2887 posterioris
640 2808 743 2888 partis
766 2824 863 2889 quam
884 2807 1002 2889 prioris
1017 2808 1118 2888 magis
1132 2808 1343 2891 principalem

247 2935 316 2980 esse
338 2914 398 2980 sibi
420 2913 617 2998 persuadere
640 2914 865 2980 difficillimum
887 2923 946 2981 est.

330 3023 456 3090 Eadem
489 3025 572 3091 ratio
605 3026 722 3089 mirum
752 3026 787 3089 in
818 3025 948 3092 modum
981 3027 1154 3110 perspicua
1180 3029 1283 3092 estin
1304 3028 1343 3092 iis

246 3136 439 3220 compositis,
478 3155 549 3218 quse
582 3133 765 3215 significant
796 3135 909 3218 plagas
941 3135 1023 3201 caeli
1054 3138 1110 3218 ita,
1144 3143 1181 3204 ut
1213 3137 1343 3203 nomina

246 3246 383 3312 duarum
417 3245 628 3310 finitimarum
661 3247 838 3328 composito
867 3247 1049 3331 jungantur
1081 3245 1123 3312 ad
1155 3267 1236 3330 eam,
1270 3266 1343 3331 quoe

244 3357 330 3422 inter
357 3355 438 3420 duos
459 3355 532 3421 illas
553 3353 739 3438 mediaest,
763 3356 1006 3438 significandam
1020 3359 1060 3442 ²).
1104 3355 1217 3440 Atque
1240 3357 1342 3422 nostri

245 3483 343 3550 quum
367 3464 481 3531 dicunt
499 3465 642 3536 morderi,
662 3466 820 3544 nordoest,
836 3468 955 3550 sydost,
972 3468 1108 3550 sydcest,
1125 3465 1229 3532 altera
1244 3487 1340 3549 quam

244 3576 349 3641 altera
369 3577 458 3642 notio
482 3592 545 3641 non
567 3577 669 3657 magis
690 3577 878 3660 principalis
899 3584 958 3644 est.
993 3577 1088 3663 Quod
1103 3577 1178 3642 inde
1194 3582 1340 3662 apparet,

244 3685 330 3769 quod
364 3705 468 3751 sermo
500 3686 611 3769 populi
644 3688 746 3752 nostri
778 3689 810 3750 in
837 3687 957 3753 talibus
978 3689 1163 3772 compositis
1183 3687 1341 3770 fingendis

244 3796 389 3862 ordinem
423 3801 536 3876 mutat,
570 3801 606 3860 ut
628 3804 744 3861 neutra
766 3799 855 3863 notio
876 3799 1065 3881 principalis
1087 3819 1156 3863 esse
1178 3798 1340 3864 videatur:

243 3909 468 3980 ister-sinam.
492 3909 662 3984 lister-nor,
685 3911 929 3986 vester-sdnner,
951 3913 1139 3974 vestm-nor.

329 4061 352 4121 ¹)
371 4056 572 4110 Dvandvaans.
589 4074 618 4125 p.
639 4059 673 4111 24
691 4074 740 4125 sq,
757 4058 885 4128 Beitriige
903 4075 930 4128 p.
948 4060 974 4113 9.

326 4142 349 4211 ²)
366 4139 570 4198 urendos-zos.
588 4157 616 4211 p.
635 4142 677 4197 28.
