3144 4788
817 340 877 401 118

293 509 418 573 ratione
453 507 665 589 intelligendi,
699 528 759 590 pro
796 503 1018 589 dependentia
1054 503 1239 586 compositis
1276 501 1391 566 haberi

206 636 207 642 ’
293 623 410 701 coepta
430 638 499 682 esse
521 617 694 683 Glemmius
714 615 855 700 probaro
877 621 1013 680 conatur
1028 615 1064 697 ¹).
1102 612 1256 696 Meyerus
1280 617 1390 676 autem

294 727 336 794 ad
357 749 457 809 genus
479 726 701 811 dependentia
723 727 825 792 refert
837 727 874 810 ²).
912 724 977 791 Sed
999 723 1124 805 singula
1145 722 1242 806 hujus
1263 721 1391 802 generis

294 836 381 923 apud
414 835 613 922 Aeschylum
647 843 680 902 et
712 835 891 901 Pindarum
924 835 1103 917 composita
1133 833 1168 897 in
1200 830 1392 915 disputatio·
1454 925 1459 932 .
1567 879 1568 906 ,

295 969 369 1014 nem
390 947 535 1014 veniant:

379 1051 616 1142 doctoribusque
647 1078 717 1140 sup.
749 1060 785 1120 71
814 1047 959 1136 (sciptor)
984 1074 1052 1118 som
1070 1053 1104 1133 'ej
1125 1053 1186 1118 bor
1208 1048 1392 1128 erforenhet

294 1167 336 1246 of
355 1168 448 1232 tdrar
462 1170 499 1248 3),
523 1161 749 1249 ἀπειρομάχας
771 1186 853 1230 nem.
877 1163 939 1245 IV,
964 1169 1004 1228 30
1026 1183 1092 1228 som
1115 1163 1144 1244 ej
1165 1163 1226 1226 bor
1246 1158 1391 1238 erfaren-

294 1279 346 1343 hat
377 1277 420 1358 af
448 1275 533 1340 strid
558 1275 622 1350 (etr
649 1295 722 1340 oum
744 1275 807 1339 his:
835 1267 1072 1356 ἀπειρόδροσος
1094 1273 1210 1352 (Eur),
1234 1263 1393 1342 ἀ-όκακος

295 1387 424 1471 (Thea,
447 1386 543 1470 Eur.)
576 1379 731 1458 ἆ-όκαλος
763 1384 825 1469 (X.
859 1383 969 1466 Flet),
1003 1375 1152 1467 ἅ-ολεχής
1179 1378 1391 1464 (Aristoph.),

296 1490 484 1578 ἅιδροδίκας
506 1517 588 1560 nem.
612 1495 639 1574 1,
661 1499 701 1558 63
723 1495 858 1580 (θῆρας)
874 1494 1012 1574 odurzoip
1029 1513 1077 1556 om
1093 1491 1145 1555 det
1160 1495 1264 1566 mitta·
1279 1483 1393 1569 doum

296 1605 486 1671 vocabulum
519 1606 551 1670 in
585 1605 680 1670 nullis
712 1603 782 1670 aliis
811 1603 995 1686 oompositis
1025 1603 1199 1680 invenitur3
1224 1597 1393 1677 κένανδριις

297 1715 337 1780 al.
360 1737 444 1800 pers
471 1719 529 1779 118
553 1707 669 1798 (dioro).

381 1823 475 1890 Talia
498 1823 654 1890 voeabula
675 1824 752 1888 ficta
773 1845 842 1888 esse
864 1823 904 1888 ad
926 1820 1165 1887 similitudinem
1181 1841 1301 1899 eorum,
1319 1841 1392 1901 quae

279 1958 336 1999 ,ex
369 1957 390 1994 o
422 1935 579 2018 privativo
606 1940 638 1998 et
664 1933 862 1998 substantivo
884 1934 971 1997 faeta
993 1939 1077 2012 sunt,
1104 1931 1281 2014 possessiva
1307 1949 1393 1993 oom-

296 2045 402 2128 posita
433 2051 475 2126 et,
509 2041 595 2126 quod
629 2041 820 2126 adjectivum
852 2044 960 2126 priore
991 2043 1023 2106 in
1056 2047 1148 2124 parte
1175 2042 1302 2118 inesset,
1331 2038 1392 2102 ”im

297 2154 443 2217 ureitereo
465 2156 615 2234 spdtereo
639 2151 751 2217 sibod
774 2174 833 2236 pro
855 2151 1077 2236 dependentia
1099 2151 1284 2232 compositis
1299 2149 1392 2213 intel-

296 2261 380 2326 lecta
414 2283 482 2326 esse
516 2261 690 2327 Olemmius
717 2263 814 2326 sentit
828 2266 864 2334 ⁴).
910 2261 975 2328 Sed
998 2283 1068 2344 quae
1091 2260 1129 2324 fit
1150 2260 1317 2341 utriusque
1339 2280 1392 2338 ge-

297 2371 383 2435 neris
405 2369 655 2454 compositorum
679 2372 877 2454 comparatio
900 2392 939 2435 ea
954 2370 996 2435 ad
1011 2387 1079 2434 rem
1094 2368 1295 2453 probandam
1312 2368 1392 2432 nihil

297 2479 390 2545 valet.
435 2479 522 2546 Nam
557 2487 594 2545 ut
625 2502 665 2545 ea
698 2482 852 2560 omittam,
876 2501 947 2563 quae
970 2479 1057 2562 apud
1079 2479 1273 2563 posteriores
1295 2476 1391 2542 modo

297 2590 470 2673 scriptores
491 2589 687 2655 adhibentur
709 2583 954 2672 (ἀπειρόγαμος,
977 2581 1213 2665 ἀ-οθάλασσος,
1230 2580 1393 2672 d-nohrig,

297 2693 519 2784 ἐρημοκόμης),
542 2698 665 2763 nullum
688 2707 737 2763 est
758 2699 908 2779 omnium,
929 2699 981 2763 eui
997 2695 1083 2782 quod
1099 2696 1294 2780 respondeat
1308 2717 1392 2760 oom-

296 2809 437 2892 positum
468 2809 681 2892 possessivum
713 2809 869 2872 vetustius
901 2829 969 2872 esse
1002 2828 1061 2890 pro
1084 2813 1173 2872 oerto
1195 2806 1259 2871 diei
1281 2806 1391 2890 possit.

297 2917 482 2983 Posteriore
505 2924 619 2983 eontra
641 2924 735 2982 aetate
758 2938 797 2982 ea
818 2939 889 3000 qnae
911 2916 1107 3001 respondent
1128 2917 1306 3000 possessiva
1326 2915 1393 2999 ple·

297 3048 399 3110 raquo
435 3034 508 3093 orta
544 3034 633 3093 sunt:
675 3020 911 3109 ἅπειρόόακρυς
947 3028 1052 3109 (Aa),
1091 3020 1229 3108 ἄδακρυς
1266 3026 1391 3106 (Eum),

297 3130 523 3218 ἀπειρομάχας
534 3136 612 3220 (P.),
625 3129 786 3216 ἄμαχοςῡ)
801 3135 888 3215 (Χ),
904 3129 1122 3217 decoctiones
1132 3135 1249 3210 (Thus.
1262 3135 1343 3200 Eur.
1353 3138 1391 3216 Θ),

301 3283 499 3292 .--.-.--.-ι

383 3373 404 3440 ¹)
422 3371 473 3426 Die
491 3389 519 3426 n.
537 3371 652 3426 Forseh.
670 3387 698 3439 p.
717 3373 826 3426 87-93.

383 3456 406 3526 ¹)
424 3455 552 3526 Beitriige
570 3457 603 3510 14
622 3473 682 3526 sqq.

383 3543 405 3608 ⁸)
424 3539 491 3594 Alii:
519 3541 666 3610 yrdnslb'st
690 3539 840 3609 protende,
868 3557 929 3608 quae
957 3539 1149 3604 interpretatio
1172 3555 1335 3606 quamquam
1359 3538 1393 3592 ad

298 3625 460 3678 sententiam
484 3641 540 3678 non
562 3624 655 3692 inepta
673 3629 724 3692 est,
744 3629 836 3678 tamen
854 3641 917 3676 num
938 3638 1005 3675 vera
1023 3622 1058 3674 sit
1075 3620 1155 3674 valde
1173 3621 1312 3690 addubito,
1330 3625 1394 3691 quia

298 3709 404 3779 ἄπειρος
428 3709 591 3762 vocabulum
615 3709 666 3762 hae
689 3708 891 3778 significatione
914 3709 940 3760 in
959 3706 1118 3773 compositis
1137 3705 1188 3758 nisi
1207 3707 1278 3774 apud
1305 3712 1394 3776 poste·

298 3795 384 3847 riores
405 3793 559 3864 'scriptores
586 3811 642 3846 non
670 3793 815 3847 adhibetur
837 3792 1036 3861 (ἀπειροβαθὴς,
1062 3791 1234 3858 α’-οδόναμος,
1261 3791 1395 3858 α’-ολογὶα,

298 3877 465 3945 α’-ομιγέθης,
482 3877 645 3944 ἅ-οπαθής).

384 3967 408 4028 ¹)
425 3980 453 4032 p.
474 3965 517 4017 88.

384 4053 408 4116 ⁵)
426 4049 508 4118 Apud
524 4050 652 4117 Aeschyl.
673 4047 822 4119 signifieat:
845 4047 982 4117 otofoad,
1001 4048 1113 4118 okufliy.

384 4137 408 4202 ⁶)
425 4134 530 4192 Aloest.
546 4135 597 4190 926
615 4149 672 4189 som
690 4132 717 4200 ei
732 4133 787 4188 aar
804 4132 856 4201 ers.
875 4133 913 4215 as
927 4132 1051 4204 elpodor.
