3144 4788
818 315 879 380 134

298 486 384 570 quod
416 487 506 570 prior
531 507 617 569 pars,
639 484 672 550 id
694 479 780 568 qdod
802 485 918 568 saepius
939 484 977 549 fit
996 483 1030 546 in
1051 483 1100 559 iia,
1124 502 1260 563 quornm
1281 487 1388 564 poste·

297 599 386 670 riore
419 597 452 661 in
484 601 578 680 parte
611 595 709 680 stirps
729 593 867 662 verbalis
889 594 980 674 inest,
1003 612 1244 674 nonnumquam
1266 593 1397 656 nomine

300 707 440 774 aetionis
460 705 569 790 potins
591 715 687 788 quam
709 705 835 770 nomine
855 704 978 784 agentis
993 703 1135 768 suethioe
1149 700 1397 784 interpretanda

300 822 363 882 est:
397 809 562 899 ῥίψοπλον
594 809 673 877 dana
702 813 837 892 fbrders,
869 833 936 880 som
969 812 1077 876 beetdr
1104 813 1114 874 ι’
1140 830 1280 892 napaeas
1308 809 1394 874 bort-

298 925 463 1002 basanae,
481 945 675 1008 quamquam
691 924 931 1008 personifieatio
948 921 1106 1006 quaedam
1122 922 1257 1002 eogitari
1273 927 1393 1004 potest:

295 1033 487 1114 fdrdersoet„
514 1055 582 1100 som
614 1035 728 1100 bostar
761 1034 831 1098 bort
863 1032 1002 1115 (fiirmdr
1026 1053 1092 1114 apa
1113 1037 1163 1096 att
1185 1031 1280 1096 basta
1308 1031 1395 1114 bort)

298 1165 431 1228 νοροθο,
462 1139 672 1231 μνησιπήμων
705 1139 806 1218 πδνος
835 1141 972 1220 lidande,
994 1162 1061 1207 som
1083 1145 1123 1207 δν
1146 1140 1303 1224 fdrenadt
1324 1141 1397 1205 med

299 1255 481 1336 ονιανλοςοο
510 1274 560 1319 om
592 1253 772 1336 olpeborao,
807 1246 974 1337 ῥιψαύχενι
1008 1251 1063 1316 σὺν
1089 1246 1188 1334 κλόνῳ
1213 1251 1304 1328 torm,
1326 1271 1392 1315 som

299 1368 338 1429 δν.
356 1362 509 1442 βδνοοοδί
531 1363 602 1428 med
624 1361 796 1442 bofoudota
819 1361 1115 1426 tillbatabostonde
1136 1362 1199 1436 (eir
1220 1383 1251 1445 p.
1277 1366 1338 1436 70).

384 1473 564 1558 Saepissime
586 1455 624 1540 fit
644 1475 677 1538 in
699 1493 804 1556 graeco
820 1493 979 1554 sermone,
996 1479 1033 1538 ut
1046 1473 1136 1556 prior
1151 1493 1227 1555 pars
1242 1472 1284 1537 ad
1300 1471 1394 1553 signi-

299 1585 480 1650 ficationem
513 1582 729 1650 adverbiadem
756 1605 776 1648 a
802 1582 923 1648 verbali
955 1582 1214 1664 transgrediatur
1229 1583 1267 1664 ¹).
1313 1581 1394 1666 Quae

299 1691 428 1776 quidem
462 1695 674 1776 transgressio
707 1695 784 1758 satis
818 1698 932 1776 aperta
953 1699 1003 1758 est
1027 1693 1060 1774 in
1086 1694 1133 1774 iis,
1158 1713 1294 1774 quorum
1316 1713 1394 1776 pars

299 1802 459 1887 posterior
481 1803 598 1887 objecti
620 1825 751 1868 munere
773 1802 862 1884 fungi
884 1803 1019 1883 cogitari
1040 1807 1159 1886 potest:
1187 1796 1350 1889 φιλαίτιος
1365 1805 1394 1886 ²)

300 1906 418 1995 (λαός),
452 1898 618 1998 φίλοικτος
650 1909 750 1991 (βέλει
783 1922 877 1998 φ-ρι),
910 1906 1129 1996 φιλδοπονδος
1160 1912 1256 1996 (cp-oe
1287 1906 1394 1996 λιβός)

300 2043 367 2087 som
389 2022 502 2088 (tiator
523 2025 590 2104 (ott
608 2025 705 2108 ρδνο)
723 2020 947 2102 βδνιδνδαλαεν,
970 2023 1035 2101 (att
1056 2021 1169 2108 αδοΙιο)
1185 2021 1393 2092 αιιβῑιδαοδι,

300 2133 373 2216 (aa
397 2133 565 2199 aoodndoa
596 2131 662 2217 oid)
697 2132 814 2214 offrinp
847 2131 924 2195 sive:
959 2151 1025 2196 som
1054 2131 1177 2212 pldpor
1207 2133 1288 2212 ςδνα
1310 2133 1393 2212 (som

298 2263 400 2324 perna
419 2245 493 2334 pbr)
512 2241 640 2322 straba,
663 2242 776 2307 οδολιν
797 2239 890 2306 medi.
905 2243 943 2325 ³).

384 2351 469 2418 Sunt
500 2359 609 2418 tamen
641 2354 737 2419 etiam
769 2373 906 2434 quorum
939 2351 1203 2431 significationem
1229 2351 1392 2416 verbalem

300 2461 475 2530 adverbiali
507 2462 603 2546 plane
636 2463 767 2528 cessisse
799 2467 947 2544 apertum
984 2460 1038 2526 sit:
1083 2459 1150 2524 Ae:
1187 2455 1392 2546 βλαψίφρον,

299 2566 455 2652 μιξοβδας
477 2567 591 2656 (ιι-δαν
611 2567 812 2656 διθύραμβον
826 2570 927 2636 under
942 2569 1099 2636 blandrada
1115 2575 1198 2655 rep),
1213 2565 1394 2651 μιξδδροος

300 2677 427 2765 (λαΐδος
458 2675 629 2762 ὀλλυμένας
660 2677 756 2756 μ-δοο
785 2679 886 2746 under
919 2679 1077 2745 blandrada
1102 2683 1153 2764 r.)‚
1175 2673 1393 2760 μιξδμβροιος

302 2791 566 2856 blandmennialta
580 2792 621 2876 ⁸),
654 2786 822 2876 φασίιρριον
836 2791 879 2874 ⁵),
912 2785 1143 2875 ’τλησικάρδιος
1187 2789 1229 2854 P:
1263 2780 1391 2868 ripa-ot-

301 2923 412 2981 ιιορος,
434 2896 671 2986 φθινόκαρπος,
693 2895 910 2987 φθινοιιωρίς.

385 3011 582 3092 Dignissima
615 3032 686 3093 quae
719 3010 927 3076 observentur
960 3016 1035 3075 sunt
1068 3031 1115 3090 ea,
1148 3029 1284 3092 quorum
1317 3029 1393 3090 pars

301 3122 468 3204 posterior,
492 3122 558 3186 sive
578 3119 810 3186 substantivum
832 3121 896 3184 sive
912 3119 1105 3202 adjectivum
1120 3125 1177 3200 est,
1193 3119 1291 3184 verbo
1307 3118 1393 3202 quod

301 3238 351 3297 est
382 3251 461 3296 varo
494 3251 566 3297 enm
588 3232 696 3314 priore
718 3236 811 3314 parte
833 3232 866 3296 in
888 3229 1155 3312 interpretatione
1177 3229 1391 3313 conjungitur.

302 3340 382 3426 Quae
414 3342 498 3408 ratio
529 3347 639 3425 partes
671 3339 885 3424 conjungendi
916 3359 1110 3422 quamquam
1136 3341 1169 3404 in
1191 3337 1393 3404 dissolvendo

301 3449 447 3520 adbiberi
469 3457 584 3535 potest,
607 3457 714 3516 mmen
737 3449 899 3514 diffieilior
921 3449 983 3514 fuit
1004 3469 1100 3532 quam
1123 3455 1159 3515 ut
1174 3451 1287 3514 animis
1302 3449 1393 3516 Grae·

301 3581 413 3626 eorum
445 3561 615 3626 obversata
646 3581 714 3625 essa
747 3558 919 3640 cogitanda
945 3559 995 3624 sit.
1040 3555 1093 3624 Ae
1118 3559 1256 3626 verbalis
1277 3558 1392 3640 signifi·

304 3707 503 3716 —a-—---.--

387 3781 408 3844 ¹)
427 3777 473 3831 efr
491 3777 569 3832 osth.
589 3795 617 3846 p.
638 3779 780 3836 160-162.

388 3864 409 3931 ²)
427 3860 476 3914 Cfr
492 3862 647 3919 ἐδελδπονος
664 3863 733 3931 (X.),
750 3865 908 3930 μελλόγαμος
926 3861 1042 3932 (soph.)

387 3951 410 4008 1)
428 3945 474 4000 Cir
490 3963 533 4016 ag.
551 3947 602 4001 764
618 3949 685 4015 φιλεῖ
702 3950 727 3998 δὲ
745 3947 839 3998 sinteca
858 3947 928 4016 ὕβρις
946 3978 977 3986 -
996 3945 1075 4014 ὕβριν.

387 4036 410 4097 ⁸)
427 4031 475 4088 cfr
490 4033 519 4087 id
536 4032 609 4102 qnod
626 4032 717 4086 nostri
733 4031 829 4087 dieunt
845 4031 996 4102 blandar'id,
1015 4030 1207 4101 ammom.

386 4120 410 4189 ⁸)
427 4118 590 4188 φνσὶγναθος
606 4117 669 4186 (Η.)
681 4117 815 4189 paeana.
