3144 4788
687 1235 775 1334 111.

422 1429 674 1567 Composita
718 1429 1042 1568 dependentia.

270 1663 379 1748 Hujus
411 1659 537 1744 generis
568 1667 747 1751 composita
778 1666 819 1732 ab
851 1667 899 1748 iis,
928 1664 968 1730 de
990 1664 1107 1748 quibus
1125 1665 1195 1750 jam
1217 1666 1277 1746 egi,

185 1773 503 1841 determinativorum
535 1783 569 1842 et
599 1778 850 1860 possessivorum
875 1797 913 1842 eo
940 1774 1103 1857 differunt,
1126 1774 1213 1858 quod
1235 1775 1279 1840 al·

184 1889 288 1949 teram
321 1883 425 1950 altera
456 1908 532 1970 pars
564 1889 655 1967 regit.
705 1885 852 1968 Regendi
883 1891 991 1952 autem
1024 1885 1108 1951 ratio
1141 1905 1279 1968 quorum

183 1993 269 2058 inter
300 1999 411 2076 partes
442 1996 643 2061 intercedere
675 1995 822 2080 putanda
847 1996 890 2062 sit
916 2015 1033 2076 magna
1054 2000 1104 2060 est
1125 1993 1279 2060 dissensio

184 2103 271 2168 inter
293 2101 413 2169 doctos
447 2104 560 2190 Atque
582 2107 721 2190 primum
744 2128 792 2186 ea,
815 2126 953 2188 quorum
975 2106 1066 2188 prior
1087 2125 1164 2188 pars
1186 2125 1280 2186 gene·

184 2214 250 2278 tivo
276 2215 454 2296 possessivo
481 2215 531 2280 vel
558 2215 665 2281 dativo
687 2215 865 2282 adverbiali
886 2213 1070 2298 respondet,
1094 2234 1152 2280 our
1173 2215 1206 2279 in
1228 2235 1280 2296 ge·

185 2344 263 2388 nere
285 2321 508 2406 dependentiae
530 2325 681 2409 ponenda
702 2347 766 2391 non
788 2325 981 2409 essentjam
1002 2323 1196 2410 supradixi.
1230 2324 1281 2390 At

186 2437 223 2498 ut
254 2452 293 2496 ea
324 2433 357 2496 in
390 2455 524 2500 numero
556 2434 779 2519 dependentiae
805 2435 1055 2518 compositorum
1080 2434 1133 2500 vix
1154 2435 1280 2500 ratione

185 2541 262 2625 poni
288 2549 434 2626 possunt,
460 2545 507 2610 ita
532 2545 710 2611 cavendum
737 2551 848 2610 estne
869 2545 931 2610 hoo
952 2544 985 2610 in
1007 2565 1124 2626 genere
1146 2545 1280 2610 eircum-

186 2650 322 2717 oidendo
344 2652 462 2719 nimius
483 2655 535 2720 sis.

271 2761 312 2826 In
345 2761 569 2846 dependentia
596 2764 722 2846 generis
749 2763 932 2847 compositis
963 2760 1203 2846 pertractandis
1234 2761 1281 2826 ite

186 2876 318 2938 aeturus
340 2895 420 2955 sum,
443 2879 480 2940 ut
500 2875 640 2958 primum
663 2894 710 2951 ea,
733 2894 871 2957 quorum
890 2895 968 2958 pars
982 2894 1097 2955 regens
1112 2877 1162 2937 est
1175 2869 1281 2956 adjec-

185 2981 295 3065 tivum,
323 2982 439 3048 deinde
466 3005 514 3066 ea,
537 3004 674 3066 quorum
696 2989 746 3049 est
765 2984 961 3068 praepositio,
982 2990 1052 3050 tum
1074 3002 1211 3066 quorum
1232 2986 1282 3047 est

186 3091 284 3176 stirps
305 3092 444 3166 verbalis
465 3113 634 3178 exponam.

186 3328 212 3411 1.
256 3327 379 3413 ittera
403 3350 494 3433 pers
521 3335 577 3415 est
596 3331 818 3436 nurerum
840 3331 934 3433 quod
954 3330 1113 3415 altorem
1136 3333 1280 3433 partein

551 3461 651 3542 uerte
678 3477 769 3542 eesu
794 3461 915 3560 regat.
942 3519 955 3551 ,

272 3641 301 3706 l.
339 3641 477 3724 sepius
492 3642 545 3726 nt,
558 3644 600 3708 ut
614 3641 735 3726 priore
752 3642 789 3707 in
804 3643 907 3726 parte
923 3640 1133 3708 vocobulum
1152 3659 1280 3726 regens

186 3749 343 3836 positum
366 3751 425 3820 sit.

271 3905 381 3990 Hujus
402 3906 528 3987 generis
549 3905 735 3989 composita,
758 3925 831 3989 quae
853 3916 958 3988 grano
979 3905 1013 3970 in
1033 3927 1180 3973 sermone
1201 3907 1281 3973 satis

186 4035 292 4100 pauca
323 4022 407 4098 sunt,
441 4037 462 4081 a
492 4015 651 4101 principio
676 4015 710 4080 in
735 4036 853 4097 genere
884 4014 1203 4083 determinativorum
1229 4015 1280 4080 vel

185 4126 436 4211 possessivorum
468 4124 565 4192 fuisse
596 4131 630 4192 et
661 4125 840 4211 posteriore
866 4125 995 4193 demum
1021 4130 1127 4210 aetate,
1153 4130 1279 4198 munta
