3144 4788
290 499 498 591 ἀεθλοφόρου
530 499 670 592 λήματος
701 503 775 568 mod
805 501 955 566 hoarmed
985 521 1059 564 maa
1086 501 1196 564 αἰονιιν
1220 521 1318 581 seper,
1340 499 1383 564 ol.

290 615 399 696 XIII,
424 619 463 680 14
489 609 663 700 νικαφόρον
687 606 822 694 ἀγλαΐαν
839 610 906 690 fest
925 608 980 687 fiir
1002 630 1132 690 separas
1153 609 1319 683 vintiundo,
1343 608 1384 673 fr.

291 729 352 790 205
373 722 570 804 βονττομττὸς
591 717 687 803 ἑορτά
710 718 1023 803 oaprooeoeioassest,
1045 741 1128 784 nem.
1151 719 1213 800 VI,
1240 723 1278 784 41
1308 741 1385 782 ται·-

290 828 419 918 ροφόνιμ
441 831 612 918 τριετηρίδι
635 829 873 914 tjurslaptssest
894 829 987 902 όνμιλ
1003 830 1103 910 tredje
1117 830 1165 908 όν,
1183 851 1264 894 nem.
1281 829 1385 910 VIII,

292 945 329 1006 31
364 937 590 1027 πολυφθόροις
622 937 758 1023 ἁμέραις
784 941 847 1022 dap
869 940 917 1020 μό
938 939 987 1004 hv.
1009 959 1084 1004 man
1106 940 1234 1022 sloptar
1255 940 1385 1022 αιμολιαλ,

290 1051 332 1118 ol.
358 1050 458 1133 VIII,
482 1055 521 1117 35
544 1047 786 1133 πτολιπόρθοις
806 1043 927 1128 μάχαις
946 1048 1243 1126 εόαόαόὸνεόὸναοιλι
1257 1049 1386 1125 strider,

291 1161 331 1226 fr.
351 1166 410 1227 137
426 1155 663 1247 ἀλλαλοφόνοις
677 1155 793 1244 λόγχας
811 1161 924 1224 λαντον
941 1161 1011 1224 med
1025 1159 1073 1226 όν.
1088 1180 1164 1226 man
1178 1160 1279 1224 dodae
1293 1161 1387 1224 hoer-

292 1271 406 1348 andra,
429 1277 495 1356 pyt.
518 1271 606 1351 XII,
630 1274 671 1335 24
691 1263 857 1333 λαοσσόων
878 1262 1007 1351 ἀγώνιον
1026 1268 1238 1352 όαλλιαμμαιιόε
1255 1271 1386 1335 strider.

377 1379 460 1446 Haec
492 1379 611 1446 talibus
637 1379 822 1463 compositis
844 1379 955 1444 utendi
977 1379 1109 1445 libertas
1131 1379 1218 1463 apud
1241 1382 1387 1465 Aeschy-

292 1489 359 1554 lum
391 1511 487 1573 quam
520 1489 607 1574 apud
639 1489 818 1555 Pindarum
850 1490 951 1554 multo
977 1490 1073 1554 latius
1098 1491 1212 1573 patuit.
1257 1490 1323 1556 Sed
1344 1513 1387 1556 ne

292 1606 368 1664 ante
391 1599 449 1665 hos
465 1599 594 1683 quidem
609 1599 706 1684 plane
721 1602 831 1682 ignota
846 1606 908 1665 est:
933 1600 1016 1664 Hes:
1039 1594 1179 1680 βουδόρα
1202 1593 1306 1684 ἤματα
1329 1621 1385 1666 οιτ-

291 1709 577 1792 ρίόμαὶομιόαμαν,
591 1703 781 1790 ἀνδρογόνος
793 1706 893 1796 ἡμέρα
910 1710 973 1791 day
982 1709 1031 1790 μό
1045 1709 1094 1774 λιν.
1103 1709 1280 1791 μοιιαόανιι
1291 1713 1386 1786 ortos.

377 1819 430 1900 Ea
461 1819 500 1884 iis
532 1841 604 1902 quae
636 1818 730 1884 attuli
763 1821 858 1904 hujus
883 1809 1102 1885 translationis
1129 1820 1282 1902 exemplis
1309 1820 1388 1886 lieet

293 1927 401 1994 videre
422 1951 556 2013 prorsus
578 1929 712 1995 eandem
739 1931 906 2010 rationem,
934 1951 1029 2012 quam
1052 1928 1187 1994 vidimus
1213 1929 1387 2010 significari

292 2039 330 2103 iis
363 2040 556 2123 compositis,
589 2059 726 2122 quorum
753 2061 830 2122 pars
856 2039 1017 2122 posterior
1042 2040 1387 2126 paesivmmfintransi-

292 2150 405 2233 tivam)
437 2151 499 2214 vim
532 2149 630 2214 habet
661 2150 725 2232 (cfr
757 2170 788 2231 p.
823 2154 862 2212 66
895 2151 989 2232 sqq.),
1022 2149 1118 2214 etiam
1145 2150 1197 2232 iis¹
1213 2149 1387 2230 significari

293 2277 395 2341 posse,
428 2279 567 2342 quorum
598 2279 675 2342 pars
707 2259 867 2341 posterior
894 2259 1030 2324 activam
1054 2258 1155 2324 habet
1173 2260 1245 2324 vim.
1290 2260 1387 2344 Quod

293 2387 392 2449 quum
424 2369 471 2434 ita
502 2370 553 2450 sit,
586 2368 682 2434 facile
708 2368 843 2449 intelligi
870 2374 985 2451 potest,
1009 2389 1067 2432 our
1090 2390 1188 2434 unum
1210 2370 1387 2436 alterumve

293 2499 357 2542 non
390 2479 468 2544 satis
500 2483 625 2544 constet
657 2484 765 2543 utrum
798 2501 838 2542 ex
864 2477 926 2542 hae
953 2499 994 2542 an
1017 2501 1057 2542 ex
1077 2477 1134 2543 illa
1156 2480 1387 2560 significatione

293 2594 399 2652 ortum
421 2588 600 2672 putandum
622 2588 672 2653 sit
717 2587 833 2670 Neque
856 2608 962 2670 opera
984 2589 1124 2670 pretium
1146 2596 1195 2656 est
1214 2589 1386 2671 ambigere,

293 2702 401 2762 utrum
437 2700 542 2764 verius
578 2699 620 2763 sit
646 2695 766 2762 dicere:
799 2691 965 2774 λλοινόμος,
998 2689 1190 2777 όνθονόμος,
1223 2705 1388 2780 νιαρέιινο·

293 2802 427 2892 σφάγος,
443 2803 632 2890 χειροτόνος,
645 2801 857 2888 χοιροκτόνος,
869 2827 924 2870 an:
937 2802 1101 2886 βοόνομος,
1115 2802 1389 2893 νιαρέλενόοιμαμος

293 2924 327 2982 et
347 2923 465 2983 cetera.
509 2917 550 2982 Id
572 2923 698 2982 tantum
720 2916 924 2998 perspicuum
951 2922 1001 2981 est
1028 2922 1197 3000 utramque
1230 2919 1387 2984 rationem

293 3027 430 3094 valuisse
463 3035 496 3093 et
528 3028 596 3092 sine
629 3025 728 3091 dubio
755 3025 825 3090 fieri
852 3026 967 3108 potuit,
990 3031 1087 3090 utne
1110 3025 1235 3092 Graeais
1257 3025 1387 3108 quidem

293 3137 370 3214 ipsis
391 3137 487 3221 plane
509 3143 683 3222 appareret
704 3135 746 3200 ad
769 3141 875 3200 utram
897 3135 1055 3200 rationem
1077 3137 1288 3220 compositum
1305 3141 1389 3204 osset

293 3247 509 3328 referendum,
533 3266 728 3330 quamquam
750 3266 826 3310 sane
841 3245 947 3310 activa
962 3246 1045 3310 ratio
1061 3245 1162 3312 multo
1178 3245 1275 3311 latius
1290 3265 1386 3328 qoam

293 3357 420 3440 passiva
442 3357 569 3422 videtur
590 3345 741 3440 patuisse.

379 3595 490 3660 Unum
523 3593 734 3676 compositum
767 3591 949 3675 Aeschylus
981 3591 1027 3654 ita
1052 3589 1154 3670 finxit,
1176 3596 1213 3654 ut
1233 3589 1297 3673 adj.
1321 3606 1389 3654 ver·

293 3705 366 3770 bale
403 3705 537 3788 passiva
574 3701 814 3784 significationis
847 3702 987 3784 positum
1019 3701 1053 3763 in
1084 3705 1177 3782 parte
1209 3699 1388 3782 posteriore

294 3815 436 3899 priorem
468 3817 594 3896 partem
626 3812 659 3876 in
692 3831 769 3876 casu
795 3811 941 3892 genetivo
966 3813 1072 3890 regat:
1097 3801 1315 3894 ττατροοτερός
1337 3807 1386 3874 ah.

295 3927 357 3990 253
379 3924 456 4009 (τι-ἣ
477 3915 598 4004 γόνον),·
619 3920 669 3986 efr
690 3920 793 4004 Soph:
815 3912 991 4004 βιοοτερής.

1558 3766 1563 3858 t
