3094 4786
847 323 887 386 38

401 489 445 556 P:
479 481 656 565 ἀντίπαλος
677 489 719 556 al.
742 489 782 556 ol.
806 487 907 566 VIII,
932 493 981 570 71,
1014 482 1185 569 ἅντίτυμος
1206 489 1238 554 h.
1260 493 1330 574 pyt.
1360 487 1445 568 IV,

318 605 378 668 221
402 593 479 684 (ri-o
501 593 614 664 ὀδυνᾶν
628 601 681 684 ι)),
704 591 853 680 ἅπάορος
867 605 912 684 pt.
929 607 995 686 pyt.
1005 599 1106 680 VIII,
1123 604 1163 664 90
1183 595 1328 683 (ἐχθρῶν
1347 590 1445 662 ἆ-οι

317 709 506 793 afldqtnadc
527 708 626 788 ifrdn,
650 709 874 795 adortante),
896 702 1089 790 ἀπότροπος
1110 710 1142 776 b.
1164 717 1230 795 pyt.
1253 708 1367 790 VIII,
1386 713 1441 772 98

318 814 466 904 (γνώμα),
488 812 616 902 ἔκγονος
638 819 669 884 h.
691 825 757 904 pyt.
781 820 809 898 1,
833 825 883 902 63,
916 813 1094 906 ἐπίκρυφος
1115 826 1160 905 pt
1184 820 1226 886 ol.
1249 818 1358 901 VIII,
1386 823 1440 884 69

318 919 451 1014 (οἷμον),
473 921 640 1012 Ἔπίγονοι
655 930 696 996 al.
711 937 778 1015 pyt.
796 928 897 1012 VIII,
913 934 969 1013 44,
986 925 1141 1011 ε’πίνομος
1155 937 1201 1015 pt.
1217 935 1282 1015 pyt.
1299 929 1377 1008 XI,
1399 935 1436 1010 7,

319 1031 500 1119 ἐπίτροπος
521 1037 562 1104 al.
585 1040 626 1105 ol.
649 1039 679 1123 I,
703 1046 773 1122 106,
801 1035 954 1124 ξυνάορος
975 1040 1014 1106 fr.
1038 1046 1088 1123 87,
1107 1058 1132 1124 9,
1155 1035 1356 1124 παλαίγονος
1383 1040 1435 1105 01.

319 1147 427 1230 XIII,
450 1151 501 1231 48,
523 1149 625 1232 XIV,
648 1154 679 1230 4,
713 1147 904 1226 scortabitur
925 1150 964 1215 fr.
988 1155 1059 1232 280,
1086 1145 1268 1238 ποτίφορος
1280 1151 1309 1235 ²)
1331 1171 1432 1216 nem.

319 1255 402 1339 VII,
432 1262 483 1339 63,
510 1257 579 1342 ΙΙΙ,
607 1263 656 1342 30,
691 1255 850 1342 πρόγονος
870 1259 902 1326 h.
925 1260 966 1325 ol.
989 1259 1052 1343 VI,
1076 1264 1125 1342 59,
1159 1255 1353 1344 πρόσφορος
1379 1259 1430 1324 al.

319 1367 360 1434 ol.
394 1367 462 1449 IX,
494 1373 545 1449 87,
579 1365 727 1453 σύγγονος
758 1370 800 1436 al.
828 1369 868 1436 ol.
897 1369 984 1452 XII,
1015 1373 1063 1451 15,
1097 1365 1251 1453 συνάορος
1276 1369 1307 1434 b.
1332 1390 1428 1434 nem.

320 1476 382 1558 IV,
405 1481 435 1558 5,
457 1475 628 1563 τολέβολος
648 1487 694 1564 pt.
717 1487 783 1564 pyt.
807 1479 876 1563 III,
899 1484 950 1545 49.

405 1587 515 1672 Hujus
547 1590 673 1670 generis
695 1590 768 1674 (oe)
790 1591 968 1674 composita
995 1590 1178 1674 Aeschylus
1200 1595 1234 1655 et
1253 1588 1428 1654 Pindarus

321 1704 355 1764 et
375 1697 417 1764 ab
439 1697 585 1766 Homero
608 1720 672 1766 non
694 1706 761 1766 tarn
783 1721 888 1784 panca
908 1707 1114 1785 sumpserunt
1132 1701 1241 1783 stipsi
1257 1705 1429 1766 noverunt

320 1807 394 1893 plus
427 1812 477 1890 30,
511 1830 648 1897 quorum
679 1811 783 1893 major
814 1831 892 1894 pars
923 1810 965 1876 ab
997 1811 1068 1876 aliis
1095 1809 1306 1895 scriptoribus
1327 1807 1427 1874 adhi-

321 1917 389 1984 bite
411 1923 469 1984 est.

405 2072 458 2148 dd·
503 2069 652 2135 Alterum
686 2076 735 2135 est
767 2093 884 2150 eorum,
918 2073 1034 2155 quibos
1067 2078 1125 2136 out
1150 2070 1354 2152 potentinus,
1381 2077 1423 2134 at

321 2179 426 2260 ajout,
459 2178 650 2261 siqnificatio
683 2182 828 2262 subjecta
861 2189 917 2254 eet,
944 2184 991 2247 ita
1012 2187 1049 2248 ut
1070 2179 1288 2264 respondeant
1309 2180 1421 2245 latinis

322 2287 489 2374 adjectivis
516 2289 550 2354 in
583 2291 660 2373 -ilis,
693 2291 784 2356 -bilis
811 2293 927 2376 (agilis,
950 2293 1047 2374 utilis,
1071 2291 1206 2372 mobilis,
1229 2289 1418 2372 credibilis),

321 2405 381 2464 out
402 2400 451 2462 oie
472 2399 606 2466 debendi
627 2402 675 2466 cel
696 2405 898 2467 necessitatis
920 2403 1038 2476 subest,
1061 2408 1098 2467 ut
1119 2401 1219 2466 latino
1241 2399 1418 2481 gerundivo

322 2510 357 2574 in
388 2507 484 2574 -odus
517 2512 743 2595 respondeant.
789 2509 872 2576 Haec
904 2514 950 2576 vis
977 2510 1171 2596 potentialis,
1194 2509 1342 2591 debendi,
1364 2531 1417 2574 ne-

322 2619 482 2686 cessitatis
503 2641 697 2703 quamquam
720 2623 753 2686 in
776 2622 941 2705 adjectivis
963 2619 1146 2686 verbalibus
1167 2621 1200 2684 in
1223 2642 1296 2694 -τος
1317 2619 1415 2684 multo

323 2727 421 2794 letius
450 2735 550 2812 patet,
583 2737 692 2796 temen
725 2753 765 2796 ne
792 2733 834 2796 ab
860 2733 899 2796 iis
926 2732 1065 2816 quidem,
1088 2753 1160 2814 quse
1182 2732 1215 2794 in
1237 2751 1292 2804 -ος
1312 2731 1413 2794 termi-

324 2845 453 2920 nantur,
487 2839 584 2923 plane
618 2842 724 2907 aliena
757 2844 827 2907 luit.
871 2842 936 2909 Sed
964 2864 984 2907 a
1009 2841 1125 2925 quibus
1150 2838 1348 2922 temporibus
1368 2860 1413 2902 re·

323 2948 464 3032 petenda
495 2951 538 3016 sit
569 2971 608 3016 ea
640 2953 725 3017 ratio
758 2951 917 3035 adjectiva
942 2952 1085 3017 verbalia
1106 2953 1140 3016 in
1162 2971 1214 3023 -ος
1235 2945 1412 3029 adhibendi,

323 3061 350 3124 si
370 3060 556 3142 quaerimus,
579 3060 621 3126 ab
643 3061 789 3127 Homero
805 3061 934 3145 quidem
950 3062 1077 3127 videtur
1091 3060 1188 3144 plane
1203 3058 1411 3124 abhorruisse.

323 3167 422 3238 Certe
455 3170 546 3236 nulla
578 3171 665 3255 apud
698 3193 771 3237 eum
803 3177 880 3237 sunt
911 3171 1058 3254 exempla
1090 3169 1278 3252 incipientia
1309 3167 1349 3232 ab
1376 3161 1412 3229 d-

325 3282 526 3366 privetivum,
551 3279 632 3360 δυς-,
656 3275 715 3360 εἰν,
739 3304 810 3364 qnae
825 3282 993 3365 particulae
1009 3282 1042 3345 in
1057 3279 1224 3364 adjectivis
1238 3277 1412 3343 verbalibus
1520 3275 1521 3284 ’

325 3390 411 3456 illius
447 3389 688 3473 significationis
732 3393 904 3476 saepissime
940 3393 1058 3456 insunt.
1112 3390 1225 3472 Atque
1261 3395 1297 3453 ut
1332 3388 1410 3471 apud

325 3500 505 3567 Pindarum
538 3503 616 3567 satis
649 3507 787 3584 angusta
819 3508 869 3567 est
900 3502 969 3566 heec
991 3501 1076 3566 ratio
1098 3499 1258 3584 adjective
1279 3496 1410 3562 verbalis

325 3612 360 3676 in
392 3632 446 3686 -ος
478 3611 628 3695 ponendi,
662 3612 708 3678 ita
741 3634 780 3677 ne
813 3611 901 3696 apud
933 3617 1058 3676 ceteros
1090 3608 1221 3691 quidem
1247 3608 1409 3690 scriptores

327 3742 449 3804 graecos
475 3721 540 3787 late
573 3723 700 3788 videtur
722 3724 873 3806 patuisse.
918 3719 1043 3787 Contra
1064 3717 1247 3803 Aeschylus
1268 3737 1333 3784 non
1351 3723 1407 3782 tan

327 3853 432 3918 pauca
453 3833 556 3900 finxit.

333 3981 508 3990 ——--——-—
512 3981 531 3986 --

412 4056 434 4123 ¹)
452 4051 499 4108 CII·
515 4069 560 4122 cg.
581 4053 627 4107 l'l:
645 4051 946 4119 &erpeiamcurtem
964 4050 1032 4109 ἄκος.

412 4138 436 4216 ²)
453 4137 477 4196 1.
495 4153 521 4208 e·
541 4137 697 4207 notroru-
