3144 4788
836 322 897 384 144

399 488 502 576 Apud
534 487 715 555 Homerum
747 509 863 570 magna
889 487 951 554 fuit
972 487 1144 556 multitudo
1165 489 1262 574 hujus
1283 493 1412 572 generis

314 607 364 679 (2)
385 599 648 684 compositorum:
672 589 870 683 ἀθλοφόρος,
894 591 1044 678 αἰγίοχος,
1067 592 1277 685 ἀνδροφόγος,
1294 595 1413 684 ἀνδρο-

314 705 423 798 φόνος,
444 703 653 796 βουληφόρος,
675 701 863 793 δημοβόρος,
886 701 1050 788 δρυτόμος,
1074 703 1281 793 ἐλαφηβόλος,
1305 709 1412 774 θαλα-

313 815 469 908 μηπόλος,
491 811 685 899 θυμοβόρος,
710 811 935 902 θυμοφθόρος,
957 809 1095 894 ἰοδόκος,
1118 811 1319 902 ἱππόδαμος,
1336 844 1412 884 κου-

314 926 484 1018 ροτρόφος,
516 922 688 1013 λαοφόρος,
722 920 928 1002 οἰωνοπόλοις,
956 921 1168 1013 παιδοφόνος,
1192 926 1412 1016 πατροφόνος,

314 1035 550 1122 πτολίπορθος,
573 1030 767 1123 πυρηφόρος,
788 1030 982 1122 πυροφόρος,
998 1032 1184 1124 οιτοφάγος,
1199 1046 1411 1125 σκηπτοῦχος,

313 1144 503 1236 τοξοφόρος,
525 1141 680 1227 όλοτόμος
700 1183 742 1192 -
762 1137 996 1231 δνδρειφόττης,
1019 1143 1245 1233 θυμοραϊστής,
1265 1145 1413 1236 ἱππηλά-

313 1285 377 1350 της,
405 1255 580 1342 κυναγέτης,
607 1249 819 1341 κυνοραϊστής,
846 1251 1079 1342 νεφεληγερέτα,
1107 1253 1276 1344 πυλάρτης,
1297 1283 1412 1347 στερο-

315 1365 481 1458 πηγερέτα,
515 1361 665 1450 συβώτης,
699 1356 846 1450 ὠμηστὴς
876 1403 918 1412 -
951 1360 1122 1451 θυμαλγής,
1152 1366 1344 1456 θυμοδακης,
1367 1411 1412 1420 -

313 1473 467 1565 βουπληξ,
489 1473 614 1559 χέρνιψ,
639 1470 848 1560 θυμηγερέων,
871 1467 1098 1560 ἀμαλλοδετήρ,
1117 1473 1304 1564 μηλοβοτηρ,
1326 1477 1411 1543 οἰνο-

314 1584 428 1674 ποτήρ,
461 1579 609 1674 ἡνιοχεός,
643 1579 874 1669 πατροφονεός,
908 1580 1124 1667 πολυδέγμων,
1153 1625 1189 1632 -
1215 1581 1411 1670 ἱππόβοτος,

315 1692 522 1785 όδυνήφατος,
545 1689 735 1780 ληιβότειρα.

397 1807 514 1892 Neque
547 1803 646 1888 Soph.
678 1824 784 1888 pauca
816 1803 920 1868 fiuxit:
954 1797 1161 1884 ἀσπιδοῦχος,
1194 1800 1410 1890 δνθοβοσκός,

313 1912 550 2002 ἀνδροφθόρος,
571 1909 774 2000 γηροβοσκός,
795 1907 978 1992 δολοποιός,
999 1909 1235 2000 ἐρρηνοβοσκός,
1251 1914 1410 2004 ἱξιφόρος,

313 2020 507 2108 λππονόμος,
529 2017 778 2103 λπποβουκόλος,
800 2019 1023 2105 λιτροσκσπός,
1045 2021 1300 2112 μηχανορράφος,
1323 2021 1411 2112 ὀρνι-

315 2130 493 2214 θοσκόπος,
515 2127 719 2215 ποικιλφδός,
742 2137 936 2216 στερνοῦχος,
959 2127 1169 2219 σακεσφόρος,
1196 2132 1410 2222 ταυροφόγος,

313 2239 545 2330 ταυροσφάγος,
567 2235 784 2322 ταυροκτόνος,
807 2238 1033 2339 φλαυρηυργός,
1060 2243 1274 2328 φακαλοῐνχος,
1296 2257 1411 2334 ψηφο-

314 2347 420 2434 ποιός,
443 2347 612 2432 σιτονόμος
634 2345 743 2434 (ἐλπίς
764 2335 981 2434 βόνλογνμνλλομ
1003 2373 1051 2418 om
1073 2359 1158 2418 mats
1179 2355 1410 2444 costoffaode)

315 2502 353 2514 -
377 2455 609 2548 ἄθηρόβρωτος
630 2451 779 2543 (ὄργανον
809 2460 1210 2546 αροβόντλόνυὶτυνυδελσμ,
1232 2467 1282 2530 cfr
1303 2466 1409 2535 Hom:

313 2565 541 2658 ἄθηρσλοιγός)
573 2609 612 2619 -
646 2565 830 2656 δερμηστής,
862 2566 1054 2656 ζευγηλάτης,
1087 2567 1268 2661 λπποδέτης
1300 2572 1409 2664 (ῥυτήρ

315 2681 400 2764 tyycl
431 2686 482 2746 ort
513 2686 605 2764 styra
636 2680 752 2745 tristor
787 2679 887 2764 ννοδ),
923 2674 1130 2768 οἱωνοθέτης,
1168 2680 1408 2772 πατροφόντης,

313 2785 506 2877 τροχηλάτης
529 2827 564 2836 -
589 2783 780 2875 ἡλιοστερής,
803 2784 996 2875 παγκευθής.

398 2897 582 2984 Aeschylus
608 2898 736 2981 quidem
757 2899 838 2964 talia
858 2900 1036 2982 composite
1056 2900 1128 2984 plus
1152 2907 1222 2984 180,
1245 2903 1408 2970 Pindarus

314 3010 387 3095 plus
413 3015 454 3074 80
480 3008 581 3074 finxit.
625 3008 739 3090 Atque
765 3009 922 3076 maximus
943 3015 993 3074 est
1014 3031 1166 3076 numerus
1186 3033 1308 3095 eorum,
1331 3035 1408 3098 quo-

314 3141 386 3186 rum
412 3139 489 3203 pers
515 3119 675 3202 posterior
700 3118 818 3184 suffixo
846 3119 962 3184 oficte
983 3127 1040 3186 est.
1085 3119 1173 3186 Nam
1194 3125 1337 3206 exceptis
1358 3125 1406 3206 iis,

315 3251 387 3314 quoe
409 3229 537 3312 utrique
558 3229 836 3294 communierunt
858 3233 936 3311 (10),
960 3230 1142 3315 Aeschylus
1156 3231 1230 3314 plus
1247 3237 1316 3315 100,
1332 3233 1408 3298 Pin·

314 3339 413 3408 darus
434 3359 534 3422 supra
554 3340 595 3403 40
618 3339 755 3404 novavit.
791 3338 901 3404 Etiam
923 3340 1100 3406 notandum
1122 3347 1171 3406 est
1191 3341 1343 3406 suffixum
1360 3365 1407 3420 το,

314 3448 402 3534 quod
423 3450 456 3514 in
482 3446 665 3532 hujusmodi
687 3448 871 3530 compositis
893 3449 981 3532 apud
1003 3456 1127 3516 ceteros
1150 3451 1324 3534 scriptores
1343 3473 1408 3518 non

314 3580 399 3643 saepe
436 3561 622 3641 usurpetur,
648 3554 849 3642 Aeschylum
886 3564 995 3624 temen
1033 3581 1096 3625 non
1133 3565 1201 3625 tam
1238 3582 1314 3626 raro
1352 3561 1408 3626 ad·

314 3667 463 3734 hibuisse.
517 3665 679 3732 Pindarus
720 3688 818 3732 unum
856 3663 1061 3754 (μηλόβοτος)
1096 3676 1130 3735 et
1166 3669 1295 3754 quidem
1334 3692 1407 3736 cum

314 3775 477 3862 Aeschylo
498 3796 666 3842 commune
688 3777 795 3844 hebet.
1170 3760 1178 3776 ⁹

398 3887 630 3968 Dignissimum
661 3891 711 3952 est
742 3887 1017 3954 animadversione
1050 3888 1297 3973 hujusgeneris
1322 3909 1407 3956 com-

314 3998 421 4084 posita
451 4017 693 4080 nonnumquam
725 3997 898 4082 conjuncte
924 4019 992 4064 esse
1020 4017 1093 4064 cnm
1119 3999 1264 4082 genetivo
1287 4002 1342 4084 qui
1364 4000 1406 4068 ad

314 4107 454 4193 priorem
488 4107 655 4192 compositi
686 4114 812 4192 partem
842 4109 1017 4194 pertineat:
1046 4109 1109 4176 Ae.
1137 4131 1186 4192 ag.
1208 4112 1270 4176 439
1292 4109 1407 4174 ταλαν-
