3144 4788
809 307 868 367 126

288 465 406 555 tnnien,
440 493 539 556 quum
571 473 636 538 alin
668 455 732 538 sint
763 474 942 556 composita
968 489 1039 554 quoe
1061 471 1137 554 quin
1162 473 1255 536 ineo
1278 473 1385 555 posita

290 584 363 664 sint,
397 581 484 668 qnod
517 584 701 667 praepositio
734 584 768 650 in
800 585 909 668 priore
930 590 1024 667 perte
1045 585 1151 667 posito
1172 561 1382 666 posteriorem

289 699 416 778 partem
445 699 546 778 reget,
573 695 606 760 in
628 693 760 760 dubium
782 687 892 762 vooari
914 717 977 774 non
999 695 1101 776 possit
1123 715 1286 777 quumque
1307 693 1385 756 satis

291 825 376 887 saepe
398 804 469 870 fieri
490 805 602 888 solent,
622 810 659 869 ut
674 805 803 872 nomine
817 805 995 889 compositu
1009 804 1216 884 secundariis,
1233 809 1270 868 ut
1282 803 1384 886 ajunt,

290 913 412 980 suffixis
433 907 675 999 producantur,
689 936 752 980 non
778 915 890 982 dubito
913 917 976 982 huo
997 915 1176 982 referrent
1197 935 1245 994 en,
1269 911 1385 996 quibus

291 1024 522 1108 respondentia
543 1025 702 1110 simplicio
722 1027 755 1090 in
778 1049 826 1088 -ιο
848 1025 944 1110 plane
961 1047 1024 1092 non
1040 1031 1176 1106 exstent,
1194 1030 1227 1094 et
1241 1046 1289 1104 ee,
1313 1045 1385 1106 qnae

292 1155 356 1203 non
389 1120 518 1202 constat
549 1137 628 1202 satis
660 1141 786 1202 vetusta
812 1133 908 1202 fuisse
931 1144 968 1204 ut
989 1136 1031 1202 sd
1053 1137 1110 1210 illu
1130 1135 1308 1219 oompositu
1329 1134 1387 1198 fin·
1432 1203 1435 1206 ,

292 1244 399 1325 gunda
419 1244 566 1312 adhiberi
587 1251 729 1330 possent.

376 1353 553 1420 Homerus:
587 1349 784 1436 ἀαοθύμιος,
813 1351 974 1438 ἐνθύμιος,
997 1351 1151 1436 ἐαύιινιος,
1174 1349 1387 1432 καταθύμιος,

291 1458 495 1549 μεταδήμιος,
527 1459 755 1550 μεταδόρπιος,
788 1460 993 1546 μετομάζιος,
1030 1461 1256 1545 ποτιδόρπιος,
1290 1457 1388 1539 ὑπερ-

295 1566 414 1654 θύριον,
447 1567 656 1656 ὗιιασπίδιος,
689 1569 934 1656 interemptor,
960 1569 1158 1662 ὑπωρόφιος.
1201 1571 1283 1639 'Alia
1303 1577 1387 1651 suut,

293 1704 429 1765 qnorum
453 1685 610 1778 simplicia
631 1685 664 1750 in
687 1708 735 1747 -ιο
758 1707 954 1770 quamquem
975 1685 1181 1752 inveniuntur
1203 1684 1388 1767 etquidem

293 1793 381 1878 apud
417 1793 561 1860 florentis
597 1795 702 1860 notatis
738 1797 925 1879 scriptores,
968 1801 1076 1861 temen
1112 1817 1189 1862 num
1226 1795 1390 1860 homerica

294 1909 390 1970 notate
411 1905 533 1970 fuerint
553 1905 628 1972 soiri
649 1926 713 1970 non
734 1907 849 1989 possit:
873 1900 1016 1984 εὶνόδιος,
1041 1901 1231 1985 ἐναρίθμιος
1246 1907 1282 1988 ¹),
1305 1899 1390 1966 ἔνι-ι’·-

294 2035 392 2092 ναιος,
425 2008 664 2101 ἕοιδίφοιος’),
699 2009 897 2094 ἐπιχθόνιος,
926 2011 1183 2100 ἐοοοφάλιοςῆ,
1207 2009 1389 2100 ἐφημέριος,

295 2118 520 2204 καταχθόνιος,
543 2117 736 2208 ὑποχείριος.

379 2231 457 2303 Non
471 2234 573 2300 multe
589 2234 683 2318 huJ'ns
698 2236 824 2316 generis
838 2236 1017 2318 composite
1031 2235 1194 2304 finxerunt
1207 2235 1390 2329 Aeschylus

295 2347 329 2408 et
349 2341 521 2408 Pindarus.
565 2345 678 2427 Atque
710 2346 822 2428 paucis
855 2365 975 2425 eornm,
999 2367 1070 2429 quae
1092 2345 1318 2426 adhibuerunt,
1341 2367 1390 2409 re·

296 2451 488 2536 spondentia
520 2455 679 2538 simplicia
710 2455 743 2520 in
777 2477 825 2515 -ιο
858 2461 996 2520 exstant.
1038 2455 1091 2520 Ex
1117 2457 1154 2520 iis
1176 2462 1294 2536 nutem,
1317 2475 1390 2537 quse

295 2562 515 2628 inveniuntur:
549 2559 670 2650 φύλιος,
704 2557 824 2640 iustos,
856 2559 983 2644 χείριος,
1002 2558 1154 2648 ἡμέρας,
1188 2565 1252 2632 duo
1279 2566 1392 2648 priora

296 2677 425 2738 exstant
452 2673 539 2756 apud
561 2675 765 2757 posteriores,
789 2673 852 2738 duo
874 2675 1056 2757 posteriora
1078 2673 1164 2757 apud
1187 2674 1389 2759 Sophoclem.

275 2780 370 2866 =Qua
401 2783 434 2846 in
465 2805 501 2848 ro
534 2783 710 2848 notandum
742 2789 792 2848 est
822 2779 1006 2866 ὑποχείριος
1039 2791 1072 2850 et
1101 2780 1273 2868 ἐφημέριος
1305 2805 1391 2850 oom-

296 2892 402 2974 posita
418 2893 487 2976 jam
508 2893 595 2977 apud
618 2893 797 2958 Homerum
819 2893 963 2984 inveniri.

381 3001 558 3086 Sophocles
580 3023 744 3086 perpauco
766 3003 871 3068 finxit:
896 2998 1119 3082 ἐνθαλάοοιος,
1142 2999 1327 3076 tasnatum.

382 3195 506 3264 Suffixo
529 3197 580 3260 διο
594 3198 623 3283 ²)
645 3198 714 3287 haeo
736 3203 811 3262 sunt
831 3196 984 3262 formate:

383 3341 450 3406 Ae:
473 3335 660 3424 e'pxerpr'rirog
681 3341 722 3406 el.
745 3362 814 3424 sup.
838 3345 888 3423 22,
911 3336 1138 3420 ἑαιμαστίὁιος
1158 3339 1199 3406 nl.
1215 3347 1295 3424 sept.
1320 3343 1390 3422 349,

299 3445 523 3530 ἐπιτομβίδιος
544 3451 584 3516 al.
608 3450 658 3516 oh.
682 3453 751 3516 342.

383 3559 425 3625 P:
449 3555 663 3644 s'rrtyonot'rirog
683 3567 749 3646 pyr.
771 3561 839 3642 IX,
864 3564 913 3626 64.
957 3559 1060 3626 Hom:
1084 3553 1314 3643 ἕπινεφρίδιος.

385 3670 509 3738 Suffixo
530 3692 606 3732 ιανο
629 3671 801 3736 formatum
824 3677 872 3736 est
894 3663 1068 3757 inperator
1076 3670 1105 3754 ³)
1119 3669 1150 3736 h.
1167 3689 1250 3734 nem.
1266 3669 1324 3752 VI,
1343 3675 1391 3736 10.

386 3945 409 4007 ¹)
428 3939 524 4008 Simpl.
542 3940 615 4008 apud
632 3941 797 4008 posteriore·
817 3939 911 4008 script.

386 4027 410 4092 ²)
427 4025 474 4080 crr
490 4024 572 4081 Grdz.
590 4026 639 4078 615
658 4042 717 4094 sqq.

386 4115 410 4180 ⁸)
427 4112 466 4168 St.
486 4110 658 4166 arFo=lnt
677 4126 745 4178 oevo,
763 4109 844 4163 Grdn.
861 4109 920 4164 388.
