3094 4786
712 383 751 445 21

181 546 311 630 quidem
333 555 370 615 ut
389 550 479 636 prior
500 571 578 634 pars
599 547 814 616 adverbialem
834 550 997 634 acciperet
1010 547 1274 632 significationem

179 655 235 740 (de
257 657 319 724 hoe
340 680 457 741 genere
478 659 564 725 infre
584 659 702 745 egam).

265 822 293 884 3.
337 819 464 886 Neutra
486 822 520 885 in
540 843 617 884 -ιον,

263 977 292 1022 a.
338 955 433 1022 Prior
450 977 533 1038 pars
554 957 798 1024 substantivum.

261 1089 327 1154 Ae:
362 1084 614 1177 ἀνδροσφαγεῖον
628 1093 656 1176 ¹)
688 1113 738 1172 ag.
768 1095 858 1172 1092,
887 1084 1154 1176 πεδορραντήριον
1166 1089 1196 1174 ³)
1221 1110 1272 1172 ng.

169 1205 270 1281 1092,
294 1195 440 1284 ναυάγιον
460 1201 501 1268 el.
524 1221 608 1286 pers.
631 1206 703 1268 420.

261 1310 336 1376 Duo
359 1311 469 1396 priora
490 1332 554 1377 non
576 1314 654 1378 setis
676 1317 803 1378 constet
823 1317 881 1376 aut
902 1332 978 1378 num
1000 1333 1035 1376 re
1056 1331 1133 1376 veru
1151 1310 1273 1378 fuerint

175 1425 242 1502 aut,
275 1423 301 1486 si
333 1421 474 1504 fuerunt,
501 1421 578 1504 quid
600 1421 858 1504 significaverint.
903 1419 1001 1486 Dind.
1024 1421 1271 1504 interpretatur:

174 1528 265 1595 loeus
286 1530 340 1596 ubi
363 1533 411 1596 vir
432 1532 556 1597 occisus
578 1538 628 1597 est
648 1530 775 1616 (eodem
796 1529 891 1596 modo
917 1551 981 1614 quo
1006 1521 1270 1616 ἀνδροκτονεῖον),

173 1639 264 1706 loous
297 1639 352 1706 ubi
378 1641 481 1706 solum
503 1643 736 1726 conspergitur.
781 1641 891 1724 Enger
913 1646 1021 1708 autem
1044 1639 1204 1723 adjective
1224 1640 1271 1704 in-

174 1749 302 1832 telligit:
327 1751 617 1827 νιδιιοαοιαιάεοδ,
639 1752 698 1816 deu
723 1751 835 1816 Boden
859 1749 1067 1832 beepriteend.
1109 1743 1272 1831 Ναοάγιον

175 1859 302 1942 quidem
315 1861 470 1926 vocabulo
482 1861 656 1946 respondet
666 1883 782 1926 nomen
794 1861 917 1940 agentis
932 1855 1066 1941 ναοαγός
1077 1859 1183 1943 (Eum,
1195 1857 1269 1943 X.).

174 1968 297 2035 Contra
329 1961 563 2057 ἀνδροσφάγος,
589 1965 807 2055 πεδορραντήρ
834 1971 965 2034 uomina
986 1971 1109 2050 agentis
1130 1989 1195 2034 non
1218 1992 1270 2036 ex·

172 2085 260 2144 stunt
281 2075 343 2166 [cfr
365 2087 473 2144 tamen
496 2077 771 2168 παρθενοσφιίγος
790 2077 893 2164 (Ae),
910 2075 1023 2164 ῥαντήρ
1039 2078 1142 2168 (pt.)].
1175 2079 1269 2146 Com·

171 2191 282 2272 parari
314 2200 449 2272 possunt
481 2187 672 2255 Homerica:
698 2185 857 2266 αἰπόλιον,
880 2185 1096 2268 θεοπρόπιον,
1118 2184 1269 2270 σνδόσιον

170 2293 320 2386 (nunno
352 2297 514 2382 Aristeu).
560 2297 639 2384 Quee
672 2297 837 2364 Homerus
864 2291 1266 2384 1ο1ε1ἀνδριίγρια,μοι-

171 2402 284 2490 χάγρια
307 2409 346 2473 iis
361 2409 476 2474 similia
491 2431 594 2492 neque
610 2407 696 2493 apud
712 2407 832 2474 Aesoh.
849 2431 952 2493 neque
968 2409 1055 2493 apud
1070 2407 1165 2474 Piud.
1182 2416 1265 2476 suut

254 2561 285 2626 b.
330 2561 426 2627 Prior
444 2581 526 2644 pars
547 2561 747 2644 adjectivum.

253 2697 320 2764 Ae:
343 2693 530 2783 ἀκροθίνιον
551 2701 591 2766 al.
615 2721 697 2766 eum.
720 2703 792 2781 834,
814 2701 853 2766 fr.
879 2706 948 2766 184.

253 2809 294 2874 P:
330 2803 517 2891 ἀκροθίνιον
548 2810 589 2875 al.
624 2831 707 2876 nem.
739 2810 817 2892 VII,
850 2815 901 2892 41,
935 2807 1133 2894 παγκράτιον
1157 2809 1262 2876 11101.

172 2917 271 3001 VIII,
294 2923 344 3002 59,
368 2914 565 2983 πεντάθλιον
585 2920 668 2985 istm.
692 2920 719 3001 I,
744 2925 792 2986 26.

252 3093 279 3138 e.
324 3073 420 3140 Prior
438 3091 521 3155 ρονε
541 3073 734 3140 adverbium.

252 3209 319 3273 Ae:
343 3202 523 3294 inparium)
543 3213 589 3290 pt.
606 3209 644 3273 fr.
663 3212 712 3290 15,
735 3201 899 3288 ἐπιτίμιον
913 3207 954 3272 al.
971 3213 1051 3290 sept.
1071 3211 1161 3289 1021,
1176 3228 1260 3290 pers.

168 3321 240 3398 823,
263 3312 436 3397 προοίμιον
457 3318 498 3382 al.
521 3339 570 3400 pr.
596 3322 665 3400 741,
688 3312 888 3400 προοπόμιον
908 3324 954 3402 pt.
977 3337 1046 3400 sup.
1070 3321 1105 3381 3..

252 3427 293 3493 P:
315 3422 534 3507 perniciemne
555 3428 585 3492 h.
609 3427 648 3492 fr.
671 3433 722 3510 89,
746 3445 771 3510 2,
794 3421 966 3508 προοίμιον
987 3427 1027 3494 al.
1049 3433 1115 3510 pyt.
1132 3425 1213 3508 VII,
1231 3431 1260 3508 2,

167 3531 347 3616 συμπόσιον
368 3537 409 3602 al.
433 3558 515 3602 nem.
539 3537 606 3601 IX.
629 3541 680 3602 48.

250 3645 359 3710 Unum
392 3647 576 3712 alterumve
602 3648 670 3711 sine
703 3647 801 3712 dubio
828 3647 1021 3732 adjectivum
1043 3649 1174 3732 proprie
1196 3653 1257 3713 est:

166 3748 361 3835 ἀκροθίνιον,
381 3750 602 3838 μεταδόρπιον
623 3757 740 3841 (H0m:
762 3751 984 3840 μεταδόρπιος
1005 3755 1095 3842 adj..)

249 4025 273 4088 ²)
290 4021 357 4078 [iod.
375 4021 466 4091 ἀνδρός
484 4027 615 4092 σφαγεῖον.

249 4111 273 4174 ²)
289 4108 355 4165 eod.
375 4111 453 4162 πόδον
469 4109 613 4182 peruiam.

247 4194 272 4259 ⁸)
288 4191 335 4249 0¹⁴1
351 4191 433 4252 Grdz.
452 4197 512 4254 546.
