<?xml version="1.0" encoding="UTF-8"?>
<!DOCTYPE html PUBLIC "-//W3C//DTD XHTML 1.0 Transitional//EN"
    "http://www.w3.org/TR/xhtml1/DTD/xhtml1-transitional.dtd">
<html xmlns="http://www.w3.org/1999/xhtml" xml:lang="en" lang="en">
 <head>
  <title>
</title>
<meta http-equiv="Content-Type" content="text/html;charset=utf-8" />
  <meta name='ocr-system' content='tesseract 3.04.00' />
  <meta name='ocr-capabilities' content='ocr_page ocr_carea ocr_par ocr_line ocrx_word'/>
</head>
<body>
  <div class='ocr_page' id='page_1' title='image "./decompositisnom00tessgoog_0026.png"; bbox 0 0 3094 4786; ppageno 0'>
   <div class='ocr_carea' id='block_1_1' title="bbox 700 322 739 386">
    <p class='ocr_par' dir='ltr' id='par_1_1' title="bbox 700 322 739 386">
     <span class='ocr_line' id='line_1_1' title="bbox 700 322 739 386; baseline -0.026 0"><span class='ocrx_word' id='word_1_1' title='bbox 700 322 739 386; x_wconf 88' lang='grc'><strong>15</strong></span> 
     </span>
    </p>
   </div>
   <div class='ocr_carea' id='block_1_2' title="bbox 256 485 641 558">
    <p class='ocr_par' dir='ltr' id='par_1_2' title="bbox 256 485 641 558">
     <span class='ocr_line' id='line_1_2' title="bbox 256 485 641 558; baseline -0.008 -6"><span class='ocrx_word' id='word_1_2' title='bbox 256 485 536 552; x_wconf 50' lang='grc'><strong>2111212122</strong></span> <span class='ocrx_word' id='word_1_3' title='bbox 524 507 557 550; x_wconf 80' lang='lat' dir='ltr'><strong>oo</strong></span> <span class='ocrx_word' id='word_1_4' title='bbox 581 509 641 558; x_wconf 83' lang='grc' dir='ltr'><strong>-.ιο</strong></span> 
     </span>
    </p>
   </div>
   <div class='ocr_carea' id='block_1_3' title="bbox 163 605 1270 2008">
    <p class='ocr_par' dir='ltr' id='par_1_3' title="bbox 163 605 1270 2008">
     <span class='ocr_line' id='line_1_3' title="bbox 255 605 1269 690; baseline 0.011 -20"><span class='ocrx_word' id='word_1_5' title='bbox 255 606 335 690; x_wconf 78' lang='lat' dir='ltr'><strong>Quae</strong></span> <span class='ocrx_word' id='word_1_6' title='bbox 357 605 443 670; x_wconf 87' lang='lat' dir='ltr'><strong>hoe</strong></span> <span class='ocrx_word' id='word_1_7' title='bbox 434 628 467 670; x_wconf 93' lang='lat' dir='ltr'><strong>1n</strong></span> <span class='ocrx_word' id='word_1_8' title='bbox 483 627 617 670; x_wconf 88' lang='lat' dir='ltr'><strong>numero</strong></span> <span class='ocrx_word' id='word_1_9' title='bbox 633 613 808 689; x_wconf 84' lang='lat' dir='ltr'><strong>ponuntur,</strong></span> <span class='ocrx_word' id='word_1_10' title='bbox 825 609 936 690; x_wconf 78' lang='lat' dir='ltr'><strong>pausis</strong></span> <span class='ocrx_word' id='word_1_11' title='bbox 951 609 1105 690; x_wconf 76' lang='lat' dir='ltr'><strong>exeeptis,</strong></span> <span class='ocrx_word' id='word_1_12' title='bbox 1120 608 1269 681; x_wconf 68' lang='lat' dir='ltr'><strong>deserete</strong></span> 
     </span>
     <span class='ocr_line' id='line_1_4' title="bbox 163 716 1267 802; baseline 0 -20"><span class='ocrx_word' id='word_1_13' title='bbox 163 723 254 797; x_wconf 81' lang='lat' dir='ltr'><strong>sunt,</strong></span> <span class='ocrx_word' id='word_1_14' title='bbox 288 723 325 782; x_wconf 87' lang='lat' dir='ltr'><strong>ut</strong></span> <span class='ocrx_word' id='word_1_15' title='bbox 356 716 515 799; x_wconf 70' lang='lat' dir='ltr'><strong>posterior</strong></span> <span class='ocrx_word' id='word_1_16' title='bbox 536 736 614 800; x_wconf 85' lang='lat' dir='ltr'><strong>pars</strong></span> <span class='ocrx_word' id='word_1_17' title='bbox 635 737 695 799; x_wconf 88' lang='lat' dir='ltr'><strong>per</strong></span> <span class='ocrx_word' id='word_1_18' title='bbox 717 738 753 782; x_wconf 89' lang='lat' dir='ltr'><strong>se</strong></span> <span class='ocrx_word' id='word_1_19' title='bbox 773 719 844 799; x_wconf 88' lang='lat' dir='ltr'><strong>ipsa</strong></span> <span class='ocrx_word' id='word_1_20' title='bbox 866 717 956 784; x_wconf 87' lang='lat' dir='ltr'><strong>nulla</strong></span> <span class='ocrx_word' id='word_1_21' title='bbox 977 717 1020 782; x_wconf 87' lang='lat' dir='ltr'><strong>sit</strong></span> <span class='ocrx_word' id='word_1_22' title='bbox 1040 739 1145 800; x_wconf 85' lang='lat' dir='ltr'><strong>neque</strong></span> <span class='ocrx_word' id='word_1_23' title='bbox 1165 719 1267 802; x_wconf 88' lang='lat' dir='ltr'><strong>prius,</strong></span> 
     </span>
     <span class='ocr_line' id='line_1_5' title="bbox 164 825 1269 911; baseline 0.005 -21"><span class='ocrx_word' id='word_1_24' title='bbox 164 847 267 909; x_wconf 92' lang='lat' dir='ltr'><strong>quam</strong></span> <span class='ocrx_word' id='word_1_25' title='bbox 303 827 515 908; x_wconf 78' lang='lat' dir='ltr'><strong>compositum</strong></span> <span class='ocrx_word' id='word_1_26' title='bbox 552 825 673 892; x_wconf 85' lang='lat' dir='ltr'><strong>iactum</strong></span> <span class='ocrx_word' id='word_1_27' title='bbox 710 828 760 907; x_wconf 89' lang='lat' dir='ltr'><strong>sit,</strong></span> <span class='ocrx_word' id='word_1_28' title='bbox 799 827 933 894; x_wconf 82' lang='lat' dir='ltr'><strong>oriatur.</strong></span> <span class='ocrx_word' id='word_1_29' title='bbox 986 827 1112 911; x_wconf 78' lang='lat' dir='ltr'><strong>Quibus</strong></span> <span class='ocrx_word' id='word_1_30' title='bbox 1148 834 1269 909; x_wconf 80' lang='grc'><strong>12222,</strong></span> 
     </span>
     <span class='ocr_line' id='line_1_6' title="bbox 165 935 1268 1019; baseline 0.002 -19"><span class='ocrx_word' id='word_1_31' title='bbox 165 937 321 1019; x_wconf 83' lang='lat' dir='ltr'><strong>quoniam</strong></span> <span class='ocrx_word' id='word_1_32' title='bbox 354 937 388 1000; x_wconf 90' lang='lat' dir='ltr'><strong>in</strong></span> <span class='ocrx_word' id='word_1_33' title='bbox 421 956 454 1000; x_wconf 89' lang='lat' dir='ltr'><strong>se</strong></span> <span class='ocrx_word' id='word_1_34' title='bbox 488 941 598 1000; x_wconf 80' lang='lat' dir='ltr'><strong>veram</strong></span> <span class='ocrx_word' id='word_1_35' title='bbox 630 937 895 1018; x_wconf 70' lang='lat' dir='ltr'><strong>compositionem</strong></span> <span class='ocrx_word' id='word_1_36' title='bbox 917 935 1046 1018; x_wconf 84' lang='lat' dir='ltr'><strong>habeut,</strong></span> <span class='ocrx_word' id='word_1_37' title='bbox 1069 936 1175 1004; x_wconf 78' lang='lat' dir='ltr'><strong>losum</strong></span> <span class='ocrx_word' id='word_1_38' title='bbox 1199 957 1268 1004; x_wconf 84' lang='lat' dir='ltr'><strong>esse</strong></span> 
     </span>
     <span class='ocr_line' id='line_1_7' title="bbox 164 1044 1269 1130; baseline 0.002 -20"><span class='ocrx_word' id='word_1_39' title='bbox 164 1046 203 1110; x_wconf 92' lang='lat' dir='ltr'><strong>in</strong></span> <span class='ocrx_word' id='word_1_40' title='bbox 225 1046 410 1128; x_wconf 80' lang='lat' dir='ltr'><strong>compositis</strong></span> <span class='ocrx_word' id='word_1_41' title='bbox 432 1044 614 1111; x_wconf 78' lang='grc'><strong>1222122512</strong></span> <span class='ocrx_word' id='word_1_42' title='bbox 634 1063 738 1125; x_wconf 88' lang='lat' dir='ltr'><strong>nemo,</strong></span> <span class='ocrx_word' id='word_1_43' title='bbox 761 1045 870 1126; x_wconf 88' lang='lat' dir='ltr'><strong>oredo,</strong></span> <span class='ocrx_word' id='word_1_44' title='bbox 893 1045 1033 1127; x_wconf 83' lang='lat' dir='ltr'><strong>negabit.</strong></span> <span class='ocrx_word' id='word_1_45' title='bbox 1071 1044 1125 1112; x_wconf 89' lang='lat' dir='ltr'><strong>Ao</strong></span> <span class='ocrx_word' id='word_1_46' title='bbox 1145 1047 1174 1114; x_wconf 89' lang='lat' dir='ltr'><strong>si</strong></span> <span class='ocrx_word' id='word_1_47' title='bbox 1196 1048 1269 1130; x_wconf 79' lang='lat' dir='ltr'><strong>quis</strong></span> 
     </span>
     <span class='ocr_line' id='line_1_8' title="bbox 165 1153 1267 1239; baseline 0.005 -21"><span class='ocrx_word' id='word_1_48' title='bbox 165 1153 264 1232; x_wconf 82' lang='lat' dir='ltr'><strong>dicet,</strong></span> <span class='ocrx_word' id='word_1_49' title='bbox 287 1175 307 1218; x_wconf 85' lang='lat' dir='ltr'><strong>a</strong></span> <span class='ocrx_word' id='word_1_50' title='bbox 328 1155 421 1238; x_wconf 86' lang='lat' dir='ltr'><strong>eujus</strong></span> <span class='ocrx_word' id='word_1_51' title='bbox 443 1155 693 1237; x_wconf 82' lang='lat' dir='ltr'><strong>compositorum</strong></span> <span class='ocrx_word' id='word_1_52' title='bbox 715 1156 841 1238; x_wconf 84' lang='lat' dir='ltr'><strong>generis</strong></span> <span class='ocrx_word' id='word_1_53' title='bbox 861 1155 962 1222; x_wconf 88' lang='lat' dir='ltr'><strong>verbo</strong></span> <span class='ocrx_word' id='word_1_54' title='bbox 975 1155 1267 1239; x_wconf 78' lang='lat' dir='ltr'><strong>quidqueduotum</strong></span> 
     </span>
     <span class='ocr_line' id='line_1_9' title="bbox 165 1262 1268 1348; baseline 0.004 -20"><span class='ocrx_word' id='word_1_55' title='bbox 165 1265 219 1343; x_wconf 89' lang='lat' dir='ltr'><strong>sit,</strong></span> <span class='ocrx_word' id='word_1_56' title='bbox 242 1265 276 1330; x_wconf 91' lang='lat' dir='ltr'><strong>in</strong></span> <span class='ocrx_word' id='word_1_57' title='bbox 297 1284 336 1330; x_wconf 93' lang='lat' dir='ltr'><strong>eo</strong></span> <span class='ocrx_word' id='word_1_58' title='bbox 358 1285 474 1344; x_wconf 83' lang='lat' dir='ltr'><strong>genere</strong></span> <span class='ocrx_word' id='word_1_59' title='bbox 496 1262 731 1330; x_wconf 87' lang='lat' dir='ltr'><strong>numerandum</strong></span> <span class='ocrx_word' id='word_1_60' title='bbox 754 1263 862 1346; x_wconf 87' lang='lat' dir='ltr'><strong>fuisse,</strong></span> <span class='ocrx_word' id='word_1_61' title='bbox 890 1267 981 1332; x_wconf 88' lang='lat' dir='ltr'><strong>utin</strong></span> <span class='ocrx_word' id='word_1_62' title='bbox 1003 1266 1129 1348; x_wconf 77' lang='lat' dir='ltr'><strong>singula</strong></span> <span class='ocrx_word' id='word_1_63' title='bbox 1148 1275 1268 1347; x_wconf 76' lang='lat' dir='ltr'><strong>genera</strong></span> 
     </span>
     <span class='ocr_line' id='line_1_10' title="bbox 165 1372 1270 1459; baseline 0.007 -23"><span class='ocrx_word' id='word_1_64' title='bbox 165 1372 400 1455; x_wconf 80' lang='lat' dir='ltr'>dividerentur,</span> <span class='ocrx_word' id='word_1_65' title='bbox 434 1375 496 1438; x_wconf 86' lang='lat' dir='ltr'><strong>erit</strong></span> <span class='ocrx_word' id='word_1_66' title='bbox 517 1372 657 1456; x_wconf 89' lang='lat' dir='ltr'><strong>quodam</strong></span> <span class='ocrx_word' id='word_1_67' title='bbox 681 1373 776 1440; x_wconf 92' lang='lat' dir='ltr'><strong>modo</strong></span> <span class='ocrx_word' id='word_1_68' title='bbox 799 1396 908 1440; x_wconf 84' lang='lat' dir='ltr'><strong>verum</strong></span> <span class='ocrx_word' id='word_1_69' title='bbox 932 1375 1013 1442; x_wconf 76' lang='lat' dir='ltr'><strong>illuri</strong></span> <span class='ocrx_word' id='word_1_70' title='bbox 1034 1376 1176 1459; x_wconf 81' lang='lat' dir='ltr'><strong>quidem.</strong></span> <span class='ocrx_word' id='word_1_71' title='bbox 1217 1376 1270 1444; x_wconf 78' lang='lat' dir='ltr'><strong>Ao</strong></span> 
     </span>
     <span class='ocr_line' id='line_1_11' title="bbox 166 1482 1267 1570; baseline 0.003 -23"><span class='ocrx_word' id='word_1_72' title='bbox 166 1484 321 1566; x_wconf 90' lang='lat' dir='ltr'><strong>quoniam</strong></span> <span class='ocrx_word' id='word_1_73' title='bbox 354 1483 424 1548; x_wconf 83' lang='lat' dir='ltr'><strong>haec</strong></span> <span class='ocrx_word' id='word_1_74' title='bbox 457 1484 564 1548; x_wconf 91' lang='lat' dir='ltr'><strong>omnia</strong></span> <span class='ocrx_word' id='word_1_75' title='bbox 590 1482 631 1547; x_wconf 88' lang='lat' dir='ltr'><strong>ad</strong></span> <span class='ocrx_word' id='word_1_76' title='bbox 654 1503 753 1547; x_wconf 92' lang='lat' dir='ltr'><strong>unum</strong></span> <span class='ocrx_word' id='word_1_77' title='bbox 775 1482 882 1548; x_wconf 89' lang='lat' dir='ltr'><strong>locum</strong></span> <span class='ocrx_word' id='word_1_78' title='bbox 905 1484 1024 1550; x_wconf 84' lang='lat' dir='ltr'><strong>collata</strong></span> <span class='ocrx_word' id='word_1_79' title='bbox 1045 1485 1267 1570; x_wconf 71' lang='grc'><strong>[2211122222-</strong></span> 
     </span>
     <span class='ocr_line' id='line_1_12' title="bbox 165 1582 1266 1678; baseline 0.005 -22"><span class='ocrx_word' id='word_1_80' title='bbox 165 1593 302 1656; x_wconf 86' lang='lat' dir='ltr'><strong>lustrari</strong></span> <span class='ocrx_word' id='word_1_81' title='bbox 317 1598 461 1676; x_wconf 81' lang='lat' dir='ltr'><strong>possunt,</strong></span> <span class='ocrx_word' id='word_1_82' title='bbox 478 1593 547 1658; x_wconf 84' lang='lat' dir='ltr'><strong>haec</strong></span> <span class='ocrx_word' id='word_1_83' title='bbox 562 1593 646 1657; x_wconf 87' lang='lat' dir='ltr'><strong>ratio</strong></span> <span class='ocrx_word' id='word_1_84' title='bbox 662 1590 777 1673; x_wconf 82' lang='lat' dir='ltr'><strong>agendi</strong></span> <span class='ocrx_word' id='word_1_85' title='bbox 793 1591 906 1658; x_wconf 91' lang='lat' dir='ltr'><strong>melior</strong></span> <span class='ocrx_word' id='word_1_86' title='bbox 922 1582 1067 1660; x_wconf 79' lang='lat' dir='ltr'><strong>videtur.¹</strong></span> <span class='ocrx_word' id='word_1_87' title='bbox 1097 1595 1137 1660; x_wconf 91' lang='lat' dir='ltr'><strong>In</strong></span> <span class='ocrx_word' id='word_1_88' title='bbox 1153 1597 1266 1678; x_wconf 79' lang='lat' dir='ltr'><strong>paucis</strong></span> 
     </span>
     <span class='ocr_line' id='line_1_13' title="bbox 166 1701 1267 1797; baseline 0.005 -32"><span class='ocrx_word' id='word_1_89' title='bbox 166 1702 265 1786; x_wconf 86' lang='lat' dir='ltr'><strong>hujus</strong></span> <span class='ocrx_word' id='word_1_90' title='bbox 294 1703 421 1784; x_wconf 86' lang='lat' dir='ltr'><strong>generis</strong></span> <span class='ocrx_word' id='word_1_91' title='bbox 442 1702 488 1783; x_wconf 88' lang='lat' dir='ltr'><strong>fit,</strong></span> <span class='ocrx_word' id='word_1_92' title='bbox 511 1709 549 1767; x_wconf 90' lang='lat' dir='ltr'><strong>ut</strong></span> <span class='ocrx_word' id='word_1_93' title='bbox 569 1701 603 1766; x_wconf 93' lang='lat' dir='ltr'><strong>id</strong></span> <span class='ocrx_word' id='word_1_94' title='bbox 625 1701 846 1797; x_wconf 82' lang='lat' dir='ltr'><strong>compositum,</strong></span> <span class='ocrx_word' id='word_1_95' title='bbox 870 1723 890 1767; x_wconf 88' lang='lat' dir='ltr'><strong>a</strong></span> <span class='ocrx_word' id='word_1_96' title='bbox 912 1721 976 1786; x_wconf 91' lang='lat' dir='ltr'><strong>quo</strong></span> <span class='ocrx_word' id='word_1_97' title='bbox 999 1701 1155 1770; x_wconf 87' lang='lat' dir='ltr'><strong>derivatio</strong></span> <span class='ocrx_word' id='word_1_98' title='bbox 1178 1705 1267 1770; x_wconf 85' lang='lat' dir='ltr'><strong>facta</strong></span> 
     </span>
     <span class='ocr_line' id='line_1_14' title="bbox 167 1811 1266 1898; baseline 0.004 -23"><span class='ocrx_word' id='word_1_99' title='bbox 167 1811 219 1892; x_wconf 87' lang='lat' dir='ltr'><strong>sit,</strong></span> <span class='ocrx_word' id='word_1_100' title='bbox 243 1817 300 1877; x_wconf 85' lang='grc'><strong>221</strong></span> <span class='ocrx_word' id='word_1_101' title='bbox 321 1811 418 1896; x_wconf 87' lang='lat' dir='ltr'><strong>plane</strong></span> <span class='ocrx_word' id='word_1_102' title='bbox 440 1833 597 1895; x_wconf 83' lang='lat' dir='ltr'><strong>nusquam</strong></span> <span class='ocrx_word' id='word_1_103' title='bbox 620 1817 678 1877; x_wconf 85' lang='grc'><strong>221</strong></span> <span class='ocrx_word' id='word_1_104' title='bbox 698 1817 825 1876; x_wconf 85' lang='lat' dir='ltr'><strong>tantum</strong></span> <span class='ocrx_word' id='word_1_105' title='bbox 848 1811 936 1896; x_wconf 86' lang='lat' dir='ltr'><strong>apud</strong></span> <span class='ocrx_word' id='word_1_106' title='bbox 956 1815 1151 1896; x_wconf 81' lang='lat' dir='ltr'><strong>posteriores</strong></span> <span class='ocrx_word' id='word_1_107' title='bbox 1167 1816 1266 1898; x_wconf 88' lang='lat' dir='ltr'><strong>serip-</strong></span> 
     </span>
     <span class='ocr_line' id='line_1_15' title="bbox 167 1915 1265 2008; baseline 0.003 -22"><span class='ocrx_word' id='word_1_108' title='bbox 167 1928 256 1986; x_wconf 86' lang='lat' dir='ltr'><strong>tores</strong></span> <span class='ocrx_word' id='word_1_109' title='bbox 289 1929 401 1988; x_wconf 87' lang='lat' dir='ltr'><strong>exstet.</strong></span> <span class='ocrx_word' id='word_1_110' title='bbox 446 1919 664 1987; x_wconf 77' lang='lat' dir='ltr'><strong>Transeamus</strong></span> <span class='ocrx_word' id='word_1_111' title='bbox 686 1919 729 1986; x_wconf 90' lang='lat' dir='ltr'><strong>ad</strong></span> <span class='ocrx_word' id='word_1_112' title='bbox 751 1921 893 2002; x_wconf 82' lang='lat' dir='ltr'><strong>singulas</strong></span> <span class='ocrx_word' id='word_1_113' title='bbox 915 1929 1026 2008; x_wconf 88' lang='lat' dir='ltr'><strong>partes</strong></span> <span class='ocrx_word' id='word_1_114' title='bbox 1048 1915 1265 2008; x_wconf 78' lang='lat' dir='ltr'><strong>exponendae.</strong></span> 
     </span>
    </p>
   </div>
   <div class='ocr_carea' id='block_1_4' title="bbox 168 2049 1265 2725">
    <p class='ocr_par' dir='ltr' id='par_1_4' title="bbox 168 2049 1265 2725">
     <span class='ocr_line' id='line_1_16' title="bbox 296 2049 1110 2168; baseline 0.002 -30"><span class='ocrx_word' id='word_1_115' title='bbox 296 2094 326 2138; x_wconf 89' lang='lat' dir='ltr'><strong>a.</strong></span> <span class='ocrx_word' id='word_1_116' title='bbox 372 2071 414 2138; x_wconf 86' lang='grc' dir='ltr'><strong>Ιο</strong></span> <span class='ocrx_word' id='word_1_117' title='bbox 428 2073 610 2166; x_wconf 80' lang='lat' dir='ltr'><strong>posteriore</strong></span> <span class='ocrx_word' id='word_1_118' title='bbox 624 2073 832 2168; x_wconf 23' lang='lat' dir='ltr'><strong>portolinest</strong></span> <span class='ocrx_word' id='word_1_119' title='bbox 853 2049 1110 2166; x_wconf 39' lang='lat' dir='ltr'><strong>substantivum,</strong></span> 
     </span>
     <span class='ocr_line' id='line_1_17' title="bbox 296 2187 1222 2276; baseline 0.005 -24"><span class='ocrx_word' id='word_1_120' title='bbox 296 2213 327 2258; x_wconf 91' lang='grc' dir='ltr'><strong>α.</strong></span> <span class='ocrx_word' id='word_1_121' title='bbox 372 2190 467 2256; x_wconf 82' lang='lat' dir='ltr'><strong>Prior</strong></span> <span class='ocrx_word' id='word_1_122' title='bbox 481 2209 568 2272; x_wconf 80' lang='lat' dir='ltr'><strong>pars</strong></span> <span class='ocrx_word' id='word_1_123' title='bbox 588 2189 836 2262; x_wconf 79' lang='lat' dir='ltr'><strong>substantivum,</strong></span> <span class='ocrx_word' id='word_1_124' title='bbox 855 2187 996 2271; x_wconf 75' lang='lat' dir='ltr'><strong>poietioo</strong></span> <span class='ocrx_word' id='word_1_125' title='bbox 1018 2193 1222 2276; x_wconf 75' lang='lat' dir='ltr'><strong>respondens.</strong></span> 
     </span>
     <span class='ocr_line' id='line_1_18' title="bbox 252 2301 1265 2397; baseline -0.002 -21"><span class='ocrx_word' id='word_1_126' title='bbox 252 2310 320 2378; x_wconf 87' lang='lat' dir='ltr'><strong>Ae.</strong></span> <span class='ocrx_word' id='word_1_127' title='bbox 342 2301 585 2394; x_wconf 65' lang='grc' dir='ltr'><strong>ἀνδροπλήθεια</strong></span> <span class='ocrx_word' id='word_1_128' title='bbox 599 2329 684 2391; x_wconf 78' lang='lat' dir='ltr'><strong>pers·</strong></span> <span class='ocrx_word' id='word_1_129' title='bbox 702 2312 762 2378; x_wconf 77' lang='grc'><strong>235</strong></span> <span class='ocrx_word' id='word_1_130' title='bbox 778 2303 824 2392; x_wconf 83' lang='grc'><strong>(21.</strong></span> <span class='ocrx_word' id='word_1_131' title='bbox 836 2312 1000 2395; x_wconf 80' lang='grc' dir='ltr'><strong><em>στρατρο),</em></strong></span> <span class='ocrx_word' id='word_1_132' title='bbox 1020 2305 1265 2397; x_wconf 62' lang='grc' dir='ltr'><strong><em>πατραδίλιμεια</em></strong></span> 
     </span>
     <span class='ocr_line' id='line_1_19' title="bbox 168 2413 1205 2504; baseline 0 -18"><span class='ocrx_word' id='word_1_133' title='bbox 168 2443 239 2504; x_wconf 88' lang='lat' dir='ltr'><strong>sup</strong></span> <span class='ocrx_word' id='word_1_134' title='bbox 263 2425 314 2502; x_wconf 80' lang='grc'><strong>38,</strong></span> <span class='ocrx_word' id='word_1_135' title='bbox 336 2413 525 2500; x_wconf 80' lang='grc' dir='ltr'><strong><em>χειρωναξία</em></strong></span> <span class='ocrx_word' id='word_1_136' title='bbox 547 2418 589 2484; x_wconf 88' lang='grc'><strong>21.</strong></span> <span class='ocrx_word' id='word_1_137' title='bbox 612 2441 662 2502; x_wconf 89' lang='lat' dir='ltr'><strong>pr.</strong></span> <span class='ocrx_word' id='word_1_138' title='bbox 685 2422 737 2500; x_wconf 87' lang='grc'><strong>45,</strong></span> <span class='ocrx_word' id='word_1_139' title='bbox 759 2419 809 2484; x_wconf 87' lang='lat' dir='ltr'><strong>oh.</strong></span> <span class='ocrx_word' id='word_1_140' title='bbox 835 2423 905 2496; x_wconf 91' lang='grc'><strong>761.</strong></span> <span class='ocrx_word' id='word_1_141' title='bbox 1189 2460 1205 2485; x_wconf 46' lang='grc' dir='ltr'><strong>ι.</strong></span> 
     </span>
     <span class='ocr_line' id='line_1_20' title="bbox 253 2522 1264 2611; baseline 0.004 -17"><span class='ocrx_word' id='word_1_142' title='bbox 253 2531 295 2598; x_wconf 92' lang='lat' dir='ltr'><strong>P:</strong></span> <span class='ocrx_word' id='word_1_143' title='bbox 324 2522 531 2609; x_wconf 69' lang='grc' dir='ltr'><strong><em>ἱπποδρομία</em></strong></span> <span class='ocrx_word' id='word_1_144' title='bbox 558 2527 599 2594; x_wconf 97' lang='grc'><strong>21.</strong></span> <span class='ocrx_word' id='word_1_145' title='bbox 621 2533 688 2611; x_wconf 82' lang='lat' dir='ltr'><strong>pyt.</strong></span> <span class='ocrx_word' id='word_1_146' title='bbox 718 2527 780 2609; x_wconf 89' lang='lat' dir='ltr'><strong>IV,</strong></span> <span class='ocrx_word' id='word_1_147' title='bbox 804 2535 854 2610; x_wconf 92' lang='grc'><strong>67,</strong></span> <span class='ocrx_word' id='word_1_148' title='bbox 873 2529 961 2604; x_wconf 30' lang='grc'><strong>»12121</strong></span> <span class='ocrx_word' id='word_1_149' title='bbox 984 2528 1067 2610; x_wconf 87' lang='grc' dir='ltr'><strong>ΙΙΙ,</strong></span> <span class='ocrx_word' id='word_1_150' title='bbox 1076 2533 1127 2602; x_wconf 85' lang='grc'><strong>13.</strong></span> <span class='ocrx_word' id='word_1_151' title='bbox 1160 2529 1264 2598; x_wconf 82' lang='lat' dir='ltr'><strong>Hom:</strong></span> 
     </span>
     <span class='ocr_line' id='line_1_21' title="bbox 169 2631 591 2725; baseline -0.015 -21"><span class='ocrx_word' id='word_1_152' title='bbox 169 2634 378 2725; x_wconf 68' lang='grc' dir='ltr'><strong><em>ἁρματροχιὴ,</em></strong></span> <span class='ocrx_word' id='word_1_153' title='bbox 404 2631 591 2722; x_wconf 80' lang='grc' dir='ltr'><strong><em>οἱκιοφελία.</em></strong></span> 
     </span>
    </p>
   </div>
   <div class='ocr_carea' id='block_1_5' title="bbox 166 2770 1271 4200">
    <p class='ocr_par' dir='ltr' id='par_1_5' title="bbox 295 2770 786 2871">
     <span class='ocr_line' id='line_1_22' title="bbox 295 2770 786 2871; baseline -0.006 -18"><span class='ocrx_word' id='word_1_154' title='bbox 295 2793 326 2871; x_wconf 77' lang='grc' dir='ltr'><strong>β.</strong></span> <span class='ocrx_word' id='word_1_155' title='bbox 370 2787 466 2853; x_wconf 72' lang='lat' dir='ltr'><strong>Prior</strong></span> <span class='ocrx_word' id='word_1_156' title='bbox 484 2807 566 2868; x_wconf 85' lang='lat' dir='ltr'><strong>pars</strong></span> <span class='ocrx_word' id='word_1_157' title='bbox 588 2770 786 2868; x_wconf 75' lang='lat' dir='ltr'><strong>adjectivum.</strong></span> 
     </span>
    </p>

    <p class='ocr_par' dir='ltr' id='par_1_6' title="bbox 168 2896 1264 3322">
     <span class='ocr_line' id='line_1_23' title="bbox 253 2896 1264 2994; baseline -0.002 -20"><span class='ocrx_word' id='word_1_158' title='bbox 253 2907 320 2974; x_wconf 88' lang='lat' dir='ltr'><strong>Ae:</strong></span> <span class='ocrx_word' id='word_1_159' title='bbox 358 2899 556 2985; x_wconf 75' lang='grc' dir='ltr'><strong><em>κοννοβαμία</em></strong></span> <span class='ocrx_word' id='word_1_160' title='bbox 589 2927 659 2989; x_wconf 89' lang='lat' dir='ltr'><strong>sup.</strong></span> <span class='ocrx_word' id='word_1_161' title='bbox 694 2909 765 2986; x_wconf 82' lang='grc'><strong>222,</strong></span> <span class='ocrx_word' id='word_1_162' title='bbox 798 2901 980 2990; x_wconf 73' lang='grc' dir='ltr'><strong><em>μεσημβρία</em></strong></span> <span class='ocrx_word' id='word_1_163' title='bbox 1012 2905 1053 2970; x_wconf 88' lang='grc'><strong>21.</strong></span> <span class='ocrx_word' id='word_1_164' title='bbox 1070 2896 1157 2990; x_wconf 81' lang='lat' dir='ltr'><strong>¹sup.</strong></span> <span class='ocrx_word' id='word_1_165' title='bbox 1194 2911 1264 2994; x_wconf 88' lang='grc'><strong>746,</strong></span> 
     </span>
     <span class='ocr_line' id='line_1_24' title="bbox 168 3009 1264 3100; baseline 0.001 -19"><span class='ocrx_word' id='word_1_166' title='bbox 168 3011 326 3099; x_wconf 78' lang='grc' dir='ltr'><strong><em>μοναρχία</em></strong></span> <span class='ocrx_word' id='word_1_167' title='bbox 359 3015 400 3081; x_wconf 89' lang='grc'><strong>21.</strong></span> <span class='ocrx_word' id='word_1_168' title='bbox 435 3021 515 3099; x_wconf 91' lang='lat' dir='ltr'><strong>sept.</strong></span> <span class='ocrx_word' id='word_1_169' title='bbox 549 3019 621 3096; x_wconf 87' lang='grc'><strong>882,</strong></span> <span class='ocrx_word' id='word_1_170' title='bbox 654 3009 783 3076; x_wconf 76' lang='grc' dir='ltr'><strong><em>νεολαία</em></strong></span> <span class='ocrx_word' id='word_1_171' title='bbox 816 3013 857 3079; x_wconf 90' lang='lat' dir='ltr'><strong>al.</strong></span> <span class='ocrx_word' id='word_1_172' title='bbox 883 3033 969 3098; x_wconf 89' lang='lat' dir='ltr'><strong>pers.</strong></span> <span class='ocrx_word' id='word_1_173' title='bbox 996 3017 1068 3096; x_wconf 87' lang='grc'><strong>670,</strong></span> <span class='ocrx_word' id='word_1_174' title='bbox 1097 3011 1173 3100; x_wconf 81' lang='lat' dir='ltr'><strong>sup.&#39;</strong></span> <span class='ocrx_word' id='word_1_175' title='bbox 1192 3022 1264 3098; x_wconf 89' lang='grc'><strong>686,</strong></span> 
     </span>
     <span class='ocr_line' id='line_1_25' title="bbox 169 3115 1264 3210; baseline -0.002 -18"><span class='ocrx_word' id='word_1_176' title='bbox 169 3121 304 3208; x_wconf 83' lang='grc' dir='ltr'><strong><em>ὃμαολία</em></strong></span> <span class='ocrx_word' id='word_1_177' title='bbox 327 3125 377 3192; x_wconf 86' lang='lat' dir='ltr'><strong>ch.</strong></span> <span class='ocrx_word' id='word_1_178' title='bbox 401 3129 472 3204; x_wconf 87' lang='grc'><strong>599,</strong></span> <span class='ocrx_word' id='word_1_179' title='bbox 507 3115 725 3206; x_wconf 73' lang='grc' dir='ltr'><strong><em>ὄρθομαντεία</em></strong></span> <span class='ocrx_word' id='word_1_180' title='bbox 747 3145 798 3206; x_wconf 83' lang='lat' dir='ltr'><strong>ag.</strong></span> <span class='ocrx_word' id='word_1_181' title='bbox 823 3127 913 3205; x_wconf 84' lang='grc'><strong>1215,</strong></span> <span class='ocrx_word' id='word_1_182' title='bbox 932 3117 1127 3210; x_wconf 78' lang='grc' dir='ltr'><strong><em>’παγκληρία</em></strong></span> <span class='ocrx_word' id='word_1_183' title='bbox 1141 3127 1190 3191; x_wconf 84' lang='grc'><strong>’21.</strong></span> <span class='ocrx_word' id='word_1_184' title='bbox 1213 3127 1264 3192; x_wconf 85' lang='lat' dir='ltr'><strong>oh.</strong></span> 
     </span>
     <span class='ocr_line' id='line_1_26' title="bbox 168 3229 1264 3322; baseline 0 -20"><span class='ocrx_word' id='word_1_185' title='bbox 168 3241 240 3320; x_wconf 89' lang='grc'><strong>486,</strong></span> <span class='ocrx_word' id='word_1_186' title='bbox 257 3230 422 3322; x_wconf 79' lang='grc' dir='ltr'><strong><em>οανδημία</em></strong></span> <span class='ocrx_word' id='word_1_187' title='bbox 438 3235 479 3300; x_wconf 84' lang='grc'><strong>21.</strong></span> <span class='ocrx_word' id='word_1_188' title='bbox 496 3255 566 3318; x_wconf 90' lang='lat' dir='ltr'><strong>sup.</strong></span> <span class='ocrx_word' id='word_1_189' title='bbox 584 3237 654 3314; x_wconf 87' lang='grc'><strong>607,</strong></span> <span class='ocrx_word' id='word_1_190' title='bbox 676 3229 852 3312; x_wconf 82' lang='grc' dir='ltr'><strong><em>οαντεοχία</em></strong></span> <span class='ocrx_word' id='word_1_191' title='bbox 867 3232 909 3299; x_wconf 85' lang='grc'><strong>21.</strong></span> <span class='ocrx_word' id='word_1_192' title='bbox 925 3240 1005 3316; x_wconf 88' lang='lat' dir='ltr'><strong>sept.</strong></span> <span class='ocrx_word' id='word_1_193' title='bbox 1023 3236 1073 3315; x_wconf 83' lang='lat'><strong>31,</strong></span> <span class='ocrx_word' id='word_1_194' title='bbox 1089 3233 1129 3300; x_wconf 86' lang='lat' dir='ltr'><strong>ir.</strong></span> <span class='ocrx_word' id='word_1_195' title='bbox 1147 3237 1218 3318; x_wconf 89' lang='grc'><strong>305,</strong></span> <span class='ocrx_word' id='word_1_196' title='bbox 1238 3251 1264 3305; x_wconf 81' lang='grc'><strong>3.</strong></span> 
     </span>
    </p>

    <p class='ocr_par' dir='ltr' id='par_1_7' title="bbox 167 3337 1271 3650">
     <span class='ocr_line' id='line_1_27' title="bbox 252 3337 1263 3430; baseline -0.003 -17"><span class='ocrx_word' id='word_1_197' title='bbox 252 3347 295 3412; x_wconf 88' lang='lat' dir='ltr'><strong>P:</strong></span> <span class='ocrx_word' id='word_1_198' title='bbox 329 3340 492 3430; x_wconf 77' lang='grc' dir='ltr'><strong>12ρομηνιά</strong></span> <span class='ocrx_word' id='word_1_199' title='bbox 529 3344 570 3408; x_wconf 88' lang='grc'><strong>21.</strong></span> <span class='ocrx_word' id='word_1_200' title='bbox 599 3362 683 3408; x_wconf 81' lang='lat' dir='ltr'><strong>nom.</strong></span> <span class='ocrx_word' id='word_1_201' title='bbox 712 3341 780 3424; x_wconf 86' lang='lat' dir='ltr'>III,</span> <span class='ocrx_word' id='word_1_202' title='bbox 809 3349 837 3426; x_wconf 83' lang='grc'><strong>2,</strong></span> <span class='ocrx_word' id='word_1_203' title='bbox 870 3337 1084 3425; x_wconf 81' lang='grc' dir='ltr'><strong><em>μεγαλανορία</em></strong></span> <span class='ocrx_word' id='word_1_204' title='bbox 1110 3345 1152 3409; x_wconf 86' lang='grc'><strong>21.</strong></span> <span class='ocrx_word' id='word_1_205' title='bbox 1179 3354 1263 3410; x_wconf 87' lang='lat' dir='ltr'><strong>nem&#39;.</strong></span> 
     </span>
     <span class='ocr_line' id='line_1_28' title="bbox 168 3447 1269 3545; baseline -0.003 -23"><span class='ocrx_word' id='word_1_206' title='bbox 168 3457 236 3538; x_wconf 92' lang='lat' dir='ltr'><strong>XI,</strong></span> <span class='ocrx_word' id='word_1_207' title='bbox 262 3459 313 3537; x_wconf 86' lang='lat'><strong>44,</strong></span> <span class='ocrx_word' id='word_1_208' title='bbox 345 3449 554 3535; x_wconf 64' lang='lat' dir='ltr'><strong>praeoptaveris</strong></span> <span class='ocrx_word' id='word_1_209' title='bbox 581 3453 622 3518; x_wconf 92' lang='lat' dir='ltr'><strong>ol.</strong></span> <span class='ocrx_word' id='word_1_210' title='bbox 651 3453 693 3535; x_wconf 85' lang='lat' dir='ltr'><strong>V,</strong></span> <span class='ocrx_word' id='word_1_211' title='bbox 723 3458 750 3534; x_wconf 90' lang='grc'><strong>7,</strong></span> <span class='ocrx_word' id='word_1_212' title='bbox 784 3447 932 3538; x_wconf 83' lang='grc' dir='ltr'><strong><em>νουμηνία</em></strong></span> <span class='ocrx_word' id='word_1_213' title='bbox 954 3449 996 3518; x_wconf 87' lang='grc'><strong>21.</strong></span> <span class='ocrx_word' id='word_1_214' title='bbox 1019 3473 1102 3518; x_wconf 85' lang='lat' dir='ltr'><strong>nem.</strong></span> <span class='ocrx_word' id='word_1_215' title='bbox 1126 3450 1189 3545; x_wconf 71' lang='lat' dir='ltr'><strong>IV,</strong></span> <span class='ocrx_word' id='word_1_216' title='bbox 1213 3448 1269 3536; x_wconf 77' lang='grc'><strong>35,</strong></span> 
     </span>
     <span class='ocr_line' id='line_1_29' title="bbox 167 3556 1271 3650; baseline -0.005 -20"><span class='ocrx_word' id='word_1_217' title='bbox 167 3559 377 3650; x_wconf 76' lang='grc' dir='ltr'><strong><em>παγγλωσσία</em></strong></span> <span class='ocrx_word' id='word_1_218' title='bbox 399 3560 441 3628; x_wconf 93' lang='lat' dir='ltr'><strong>ol.</strong></span> <span class='ocrx_word' id='word_1_219' title='bbox 465 3563 513 3645; x_wconf 92' lang='lat' dir='ltr'><strong>II,</strong></span> <span class='ocrx_word' id='word_1_220' title='bbox 538 3567 588 3645; x_wconf 85' lang='grc'><strong>96,</strong></span> <span class='ocrx_word' id='word_1_221' title='bbox 612 3559 770 3640; x_wconf 80' lang='grc' dir='ltr'><strong><em>οανδοξὶα</em></strong></span> <span class='ocrx_word' id='word_1_222' title='bbox 792 3557 925 3643; x_wconf 85' lang='lat' dir='ltr'><strong>nem.1,</strong></span> <span class='ocrx_word' id='word_1_223' title='bbox 950 3565 999 3626; x_wconf 94' lang='grc'><strong>11.</strong></span> <span class='ocrx_word' id='word_1_224' title='bbox 1175 3556 1177 3569; x_wconf 85' lang='lat'>&#39;</span> <span class='ocrx_word' id='word_1_225' title='bbox 1269 3595 1271 3600; x_wconf 96' lang='lat'>·</span> 
     </span>
    </p>

    <p class='ocr_par' dir='ltr' id='par_1_8' title="bbox 166 3669 1264 4200">
     <span class='ocr_line' id='line_1_30' title="bbox 253 3669 1264 3756; baseline -0.002 -17"><span class='ocrx_word' id='word_1_226' title='bbox 253 3675 295 3739; x_wconf 92' lang='lat' dir='ltr'><strong>In</strong></span> <span class='ocrx_word' id='word_1_227' title='bbox 327 3673 377 3738; x_wconf 91' lang='lat' dir='ltr'><strong>his</strong></span> <span class='ocrx_word' id='word_1_228' title='bbox 409 3673 566 3754; x_wconf 90' lang='lat' dir='ltr'><strong>omnibus,</strong></span> <span class='ocrx_word' id='word_1_229' title='bbox 600 3691 672 3756; x_wconf 87' lang='lat' dir='ltr'><strong>quae</strong></span> <span class='ocrx_word' id='word_1_230' title='bbox 704 3669 801 3756; x_wconf 89' lang='lat' dir='ltr'><strong>plura</strong></span> <span class='ocrx_word' id='word_1_231' title='bbox 827 3671 869 3736; x_wconf 86' lang='lat' dir='ltr'><strong>ab</strong></span> <span class='ocrx_word' id='word_1_232' title='bbox 890 3671 1057 3755; x_wconf 80' lang='lat' dir='ltr'><strong>adjectivis</strong></span> <span class='ocrx_word' id='word_1_233' title='bbox 1079 3670 1264 3754; x_wconf 81' lang='lat' dir='ltr'><strong>possessivis</strong></span> 
     </span>
     <span class='ocr_line' id='line_1_31' title="bbox 167 3764 1263 3868; baseline -0.005 -16"><span class='ocrx_word' id='word_1_234' title='bbox 167 3787 313 3852; x_wconf 85' lang='lat' dir='ltr'><strong>derivata</strong></span> <span class='ocrx_word' id='word_1_235' title='bbox 334 3788 417 3864; x_wconf 89' lang='lat' dir='ltr'><strong>sunt,</strong></span> <span class='ocrx_word' id='word_1_236' title='bbox 439 3804 516 3868; x_wconf 83' lang='lat' dir='ltr'><strong>pers</strong></span> <span class='ocrx_word' id='word_1_237' title='bbox 538 3783 628 3866; x_wconf 90' lang='lat' dir='ltr'><strong>prior</strong></span> <span class='ocrx_word' id='word_1_238' title='bbox 649 3783 860 3865; x_wconf 86' lang='lat' dir='ltr'><strong>posteriorem</strong></span> <span class='ocrx_word' id='word_1_239' title='bbox 880 3764 1078 3860; x_wconf 73' lang='grc'><strong>2121221121,</strong></span> <span class='ocrx_word' id='word_1_240' title='bbox 1101 3783 1139 3846; x_wconf 87' lang='grc'><strong>21</strong></span> <span class='ocrx_word' id='word_1_241' title='bbox 1160 3775 1263 3866; x_wconf 88' lang='lat' dir='ltr'><strong>ajunt,</strong></span> 
     </span>
     <span class='ocr_line' id='line_1_32' title="bbox 168 3889 1262 3978; baseline -0.005 -17"><span class='ocrx_word' id='word_1_242' title='bbox 168 3895 372 3961; x_wconf 83' lang='lat' dir='ltr'><strong>determinat.</strong></span> <span class='ocrx_word' id='word_1_243' title='bbox 416 3891 493 3958; x_wconf 88' lang='lat' dir='ltr'><strong>Non</strong></span> <span class='ocrx_word' id='word_1_244' title='bbox 525 3891 672 3958; x_wconf 90' lang='lat' dir='ltr'><strong>omnibus</strong></span> <span class='ocrx_word' id='word_1_245' title='bbox 705 3911 828 3976; x_wconf 88' lang='lat' dir='ltr'><strong>eorum,</strong></span> <span class='ocrx_word' id='word_1_246' title='bbox 851 3889 932 3974; x_wconf 73' lang='lat' dir='ltr'><strong>‘qnae&#39;</strong></span> <span class='ocrx_word' id='word_1_247' title='bbox 949 3907 1048 3978; x_wconf 89' lang='lat' dir='ltr'><strong>supra</strong></span> <span class='ocrx_word' id='word_1_248' title='bbox 1068 3891 1262 3973; x_wconf 89' lang='lat' dir='ltr'><strong>enumeravi,</strong></span> 
     </span>
     <span class='ocr_line' id='line_1_33' title="bbox 167 3993 1263 4087; baseline -0.01 -17"><span class='ocrx_word' id='word_1_249' title='bbox 167 4011 296 4070; x_wconf 84' lang='lat' dir='ltr'><strong>exstant</strong></span> <span class='ocrx_word' id='word_1_250' title='bbox 317 4003 503 4087; x_wconf 84' lang='lat' dir='ltr'><strong>composita,</strong></span> <span class='ocrx_word' id='word_1_251' title='bbox 518 4001 670 4086; x_wconf 89' lang='lat' dir='ltr'><strong>aquibus</strong></span> <span class='ocrx_word' id='word_1_252' title='bbox 690 4001 875 4068; x_wconf 85' lang='lat' dir='ltr'><strong>deriventur</strong></span> <span class='ocrx_word' id='word_1_253' title='bbox 896 3993 1263 4085; x_wconf 52' lang='lat' dir='ltr'><strong>mocvddwpiospeopp-</strong></span> 
     </span>
     <span class='ocr_line' id='line_1_34' title="bbox 166 4105 1263 4200; baseline -0.004 -22"><span class='ocrx_word' id='word_1_254' title='bbox 166 4110 251 4199; x_wconf 79' lang='grc' dir='ltr'><strong><em>βρία,</em></strong></span> <span class='ocrx_word' id='word_1_255' title='bbox 287 4106 425 4194; x_wconf 82' lang='grc' dir='ltr'><strong><em>νεολαία,</em></strong></span> <span class='ocrx_word' id='word_1_256' title='bbox 461 4105 634 4200; x_wconf 68' lang='grc' dir='ltr'><strong><em>ἱερομηνία,</em></strong></span> <span class='ocrx_word' id='word_1_257' title='bbox 671 4105 845 4198; x_wconf 57' lang='grc' dir='ltr'><strong><em>νουμηνία)</em></strong></span> <span class='ocrx_word' id='word_1_258' title='bbox 894 4110 979 4186; x_wconf 81' lang='lat' dir='ltr'><strong>Sunt</strong></span> <span class='ocrx_word' id='word_1_259' title='bbox 1014 4109 1119 4200; x_wconf 65' lang='grc'><strong>211222</strong></span> <span class='ocrx_word' id='word_1_260' title='bbox 1148 4107 1263 4196; x_wconf 86' lang='lat' dir='ltr'><strong>quibus</strong></span> 
     </span>
    </p>
   </div>
   <div class='ocr_carea' id='block_1_6' title="bbox 0 0 1555 4786">
    <p class='ocr_par' dir='ltr' id='par_1_9' title="bbox 0 0 1555 4786">
     <span class='ocr_line' id='line_1_35' title="bbox 0 0 1555 4786; baseline 0 0"><span class='ocrx_word' id='word_1_261' title='bbox 0 0 1555 4786; x_wconf 95' lang='lat' dir='ltr'><strong> </strong></span> 
     </span>
    </p>
   </div>
  </div>
 </body>
</html>
