3144 4788
708 306 768 370 145
870 345 872 350 ·

185 478 300 554 τοῦχος
321 471 354 537 ἕν
374 467 460 559 μάχη
487 468 591 556 δορός,
613 474 663 540 eh.
687 478 748 538 662
770 469 803 536 ἕν
825 467 952 554 δόμοισι
977 466 1154 548 πανδόκοις
1175 469 1283 553 ξένων,

170 585 236 650 eh.
271 591 310 649 27
344 579 536 670 λινοφθόροι
569 578 797 670 δ’δφασμάτιυν
827 579 964 662 λακίδες,
997 605 1047 666 ag.
1072 588 1132 648 783
1163 576 1283 662 Τροίας

185 691 396 778 πτολίπορθ’,
429 699 510 778 sept.
543 696 583 758 62
616 692 692 768 ναὸς
728 691 837 768 κεδνὸς
869 688 1115 779 οἰακοστρόφος,
1142 714 1193 776 pr.
1220 695 1281 757 616

184 798 320 889 ἀνάγκης
347 799 433 867 ἐστὶν
458 798 703 888 οἰακοστρόφος,
730 823 813 868 eum.
836 806 898 867 940
920 797 1064 888 φλογμός
1084 806 1112 866 τ’
1136 795 1282 882 όμματο·

184 911 298 997 στερὴς
319 917 435 996 φυτῶν,
458 933 507 993 ag.
532 916 571 976 53
594 906 779 997 δεμνιοτήρη
801 906 900 974 πόνον
915 905 1091 994 ὀρταλίχων
1106 905 1282 990 ὀλέσαντες,

184 1045 234 1104 ag.
260 1028 343 1087 1170
365 1017 474 1094 θυσίαι
499 1021 688 1096 πολυκανεῖς
708 1025 821 1102 βοτῶν.
859 1023 897 1089 Ρ.
920 1043 1003 1088 nem.
1026 1021 1088 1104 VI,
1106 1028 1145 1087 69
1168 1024 1282 1104 χειρῶν

183 1155 219 1196 τε
246 1129 299 1195 καὶ
321 1127 430 1214 ίσχόος
450 1125 578 1212 ἁνίοχον
599 1131 663 1204 (cfr
684 1153 757 1216 pag.
780 1137 831 1214 43,
855 1133 904 1198 ch.
928 1135 1014 1216 998).
1058 1134 1111 1200 Ex
1133 1133 1181 1215 iis,
1203 1154 1280 1217 quo·

183 1265 256 1308 rum
290 1243 379 1326 prior
411 1264 488 1326 pars
520 1249 571 1308 est
601 1262 716 1307 nomen
749 1245 882 1324 agentis,
910 1264 1008 1308 unum
1037 1251 1110 1309 e'um
1132 1243 1278 1324 genetivo

184 1351 246 1418 hoe
261 1351 356 1418 modo
372 1353 577 1436 conjunctum
593 1359 655 1418 est:
673 1347 831 1432 &reperirier
845 1347 1065 1436 ε’ρειηνίτοιχος
1080 1359 1174 1438 (sept.
1190 1354 1278 1437 881).

269 1461 490 1545 Compositum
510 1483 571 1546 pro
594 1462 721 1529 nomine
743 1461 886 1545 simplice
907 1463 1046 1546 pesitum
1068 1486 1137 1530 esse
1152 1463 1279 1530 videtur

182 1573 216 1636 in
249 1572 311 1638 his:
345 1592 395 1652 ag.
428 1575 489 1636 437
517 1565 534 1633 ό
560 1569 777 1651 χρυσαμοιβὸς
799 1563 924 1655 δ’Ἅρης
951 1566 1109 1652 σωμάτιον
1124 1577 1160 1656 ¹),
1194 1595 1277 1638 eum.

184 1686 245 1746 637
267 1685 323 1744 τοῦ
345 1674 560 1767 στρατηλάτου
581 1685 667 1760 νεῶν,
688 1687 769 1763 sept„
794 1685 853 1746 729
870 1674 1006 1743 κτεάνων
1020 1677 1279 1768 χρηματοδαίτας

183 1786 300 1873 πικρός
331 1790 404 1874 (cfr.
431 1790 530 1856 Hom.
558 1784 695 1866 αἰπόλος
721 1785 827 1872 αἰγῶν,
849 1790 929 1856 Eur.
951 1787 1199 1877 μηχανορράηνος
1221 1815 1279 1854 κα-

183 1906 260 1979 κῶν,·
282 1901 332 1967 eir
353 1901 450 1966 etiam
472 1921 545 1984 pag.
569 1901 653 1982 115).

266 2011 363 2076 Prior
384 2031 462 2093 pars
484 2030 678 2094 quamquam
700 2009 733 2074 in
755 2010 849 2092 longe
869 2012 1016 2096 plurimis
1031 2011 1205 2077 accusativi
1221 2011 1277 2076 ob·

177 2123 257 2206 jecti
296 2142 429 2186 munere
466 2121 624 2202 iungitur,
662 2127 770 2186 temen
807 2144 871 2188 non
908 2123 1025 2190 desunt
1060 2122 1208 2206 exempla
1242 2123 1276 2186 in
1388 2125 1390 2132 '

181 2231 299 2314 quibus
330 2231 477 2313 genetivo
510 2236 567 2296 aut
599 2230 707 2296 dativo
739 2231 942 2317 respondeat.
989 2234 1056 2298 Ae:
1090 2227 1277 2313 πάμμαχος,

181 2334 420 2426 ἑκατοντάρχης,
443 2336 649 2425 στρατάρχης,
671 2335 849 2427 ταξιάρχης,
872 2335 1109 2428 άρχυροστερής,
1132 2334 1278 2422 όμματο·

181 2445 301 2536 στερης,
324 2443 484 2540 αὐθάδηςς
505 2449 548 2515 P:
571 2447 727 2536 γυιαρκης,
750 2447 908 2536 ξεναρκής,
934 2446 1132 2536 θεοπρεπὴς.

267 2560 448 2644 Saepissime
480 2559 519 2624 fit
548 2559 636 2643 apud
667 2567 780 2645 poetas
811 2581 942 2643 graeeos,
970 2567 1007 2626 ut
1028 2582 1067 2626 ea
1088 2561 1274 2646 composita,

181 2691 318 2754 quorum
340 2690 417 2754 pars
438 2671 598 2752 posterior
620 2677 669 2736 est
690 2692 806 2737 nomen
826 2672 959 2754 agentis
975 2673 1022 2738 ite
1036 2671 1275 2737 transferentur

181 2788 218 2846 ut
238 2782 270 2846 in
292 2779 437 2846 suethice
458 2779 703 2863 interpretando
726 2780 906 2847 nominibus
927 2782 1052 2862 agentis
1067 2781 1274 2864 (participiis)

180 2890 227 2954 uti
262 2891 314 2956 vix
346 2889 453 2954 liceat.
499 2888 595 2974 Quod
628 2911 823 2973 quamquem
850 2893 946 2958 etiem
968 2893 1000 2956 in
1022 2892 1094 2958 aliis
1116 2890 1186 2956 fieri
1204 2891 1272 2975 jem

180 3020 279 3083 supra
300 2998 395 3065 docui
417 2997 482 3082 (eir
504 3020 535 3082 p.
559 3004 693 3081 67-71,
719 3001 794 3085 134)
820 3006 929 3066 temen
951 3008 1026 3067 ante
1049 3006 1158 3066 cetere
1178 3001 1212 3064 in
1233 3000 1273 3064 iis

179 3109 250 3174 fieri
282 3108 371 3190 solet,
406 3129 543 3192 quorum
565 3129 641 3192 pers
662 3111 753 3193 prior
774 3109 888 3176 directi
911 3109 1037 3195 objecti,
1060 3109 1147 3196 quod
1169 3109 1271 3194 aiunt,

178 3239 311 3284 munere
331 3217 485 3300 fungitur.

264 3326 455 3409 Significant
485 3329 581 3413 hujus
614 3329 741 3410 generis
772 3331 950 3413 composite
981 3331 1140 3397 actionem
1166 3351 1184 3394 e
1206 3350 1271 3412 qus

178 3436 301 3522 aliquid
334 3437 457 3504 oriatur
484 3439 535 3504 vel
562 3457 700 3522 quacum
725 3439 932 3523 conjunctum
954 3439 1122 3506 sitvelin
1143 3439 1272 3523 quasit

177 3548 316 3630 positum
338 3547 424 3629 (gen.
447 3549 678 3634 epexegitieus)
700 3549 751 3614 vel
772 3550 805 3614 in
827 3571 923 3632 quam
945 3549 1010 3616 alie
1030 3549 1115 3615 aetio
1134 3548 1270 3619 transfe-

143 3663 147 3673 '
177 3661 269 3722 retur
290 3658 377 3739 (gen.
399 3656 597 3744 objectivus).

179 3835 378 3846 ——--.——-

262 3944 285 4006 ¹)
303 3941 410 4011 Enger:
429 3941 497 3996 ”der
511 3959 598 4014 ριρικ
615 3943 716 3998 Ιιαῗδιν
731 3942 806 3999 Gold
819 3946 996 4014 austrasiis,
1010 3948 1094 4002 κᾰωῑ.
1106 3947 1152 4003 die
1163 3947 1265 4016 Αιελι,

176 4023 264 4080 daher
289 4025 393 4082 ιτλίτλιι
419 4042 449 4081 er
477 4030 564 4097 eppa
582 4058 614 4068 —
631 4028 686 4084 bes.
707 4045 767 4086 νοω
792 4027 880 4086 Gelda
894 4030 1074 4102 qcbraucw.
1109 4031 1176 4100 Ques
1194 4031 1265 4085 ratio

174 4111 371 4186 interpretandi
390 4113 471 4170 nimis
487 4113 637 4172 artificiosa
653 4114 773 4174 videtur.
