3094 4786
817 273 857 334 18

367 437 461 516 Inter
474 443 584 522 portes
595 457 706 504 eorum
722 439 981 522 compositorum,
996 461 1019 508 e
1033 439 1150 524 quibus
1164 439 1222 508 illu
1232 441 1281 526 (δ)
1293 441 1377 512 deri·

284 555 360 626 ueto
391 554 477 630 eunt,
509 548 578 614 hoec
600 555 650 614 eet
670 549 763 630 ratio,
786 555 824 614 ιιι
843 548 933 632 prior
954 569 1031 632 pure
1052 551 1263 635 posteriorem
1286 558 1377 620 certo

282 678 361 724 cuer
378 657 471 744 (dot,
488 659 573 744 ecc.)
595 665 697 740 reget.
733 657 780 724 Et
799 657 842 724 ub
863 657 1009 724 Homero
1031 665 1064 725 et
1084 679 1105 725 u
1126 658 1287 744 Sophocle
1307 661 1378 730 haec

282 768 367 834 ratio
388 767 468 834 talia
489 769 667 853 composita
686 767 887 854 producendi
908 755 1041 834 ridetur'
1056 768 1162 836 olieuu
1182 769 1291 838 fusse.

408 918 440 985 b.
485 918 527 984 lu
553 921 732 1004 posteriore
750 925 851 1002 porte
876 920 960 986 inest
980 919 1170 1002 adjectivum
1192 926 1225 986 et
1246 921 1377 1004 quidem

281 1030 337 1112 ite,
371 1036 408 1096 ut
438 1035 497 1096 aut
527 1029 721 1127 productum
753 1030 795 1098 eit
826 1035 884 1098 aut
914 1051 974 1116 per
995 1050 1029 1094 se
1055 1030 1160 1114 ipsum
1181 1029 1377 1115 adjectivum

281 1135 473 1205 substantivi
494 1137 616 1206 vicibus
637 1139 805 1221 fungetur:

364 1274 432 1340 Ae:
454 1269 603 1338 ποδωκία
618 1277 645 1360 ¹)
667 1295 751 1342 eum.
774 1268 824 1358 37,
847 1268 936 1339 εὐδία
950 1276 979 1360 ²)
1000 1275 1042 1342 el.
1065 1280 1146 1362 sept
1171 1279 1242 1342 796.

364 1365 775 1468 Pumuuum

364 1493 448 1562 Cum
462 1493 512 1560 his
527 1495 747 1582 comparando
760 1500 849 1560 suut:
865 1486 974 1589 ε’ίοοια
983 1496 1012 1580 ⁸)
1024 1493 1165 1580 (Soph.),
1181 1489 1376 1582 αὐτοσταδίῃ

280 1603 412 1690 (Ηοιιι.)
433 1603 485 1670 ab.
507 1603 573 1689 adj.
596 1598 738 1684 στάδιος,
760 1593 889 1690 ἀνολβίῃ
902 1605 930 1688 ⁴)
957 1604 1079 1690 (Hoc).

365 1775 393 1822 c.
439 1753 481 1819 Iu
498 1756 677 1840 posteriore
691 1761 791 1836 porte
806 1755 891 1819 inest
903 1753 1093 1838 adjectivum
1107 1755 1233 1822 verbale
1247 1757 1375 1838 (nomeu

280 1864 433 1948 σροοιίσ).

364 2007 395 2048 α.
440 1984 536 2050 Prior
553 2005 636 2066 pars
657 2005 768 2050 nomen
790 1987 1000 2071 (procorum).

343 2126 396 2166 αα.
445 2101 544 2169 Gusue'
566 2103 749 2168 accusativo
770 2103 972 2184 respondeus.

365 2243 432 2305 Ae:
455 2230 645 2320 ἄρ’κσροοχία
661 2259 731 2324 sup.
750 2243 820 2321 766,
836 2231 1051 2320 ἀνδροκτασία
1065 2237 1097 2303 Ιι.
1113 2242 1194 2321 sept.
1207 2241 1278 2320 693,
1294 2235 1373 2320 λαμ-

279 2341 456 2435 πτηρουχία
478 2368 528 2429 ug.
551 2352 623 2430 890,
647 2343 812 2430 ξολοοργία
834 2371 884 2434 pr.
906 2349 979 2430 451,
1003 2339 1205 2430 ὀλιγοδρανία
1225 2368 1277 2431 pr.
1301 2352 1372 2434 547,

279 2451 455 2540 πανουργία
477 2456 520 2522 ul.
536 2464 617 2542 sept.
634 2463 705 2540 603,
722 2451 920 2542 σκρπαοοχία
934 2463 981 2541 pt.
996 2477 1082 2540 pers.
1099 2460 1170 2538 297,
1186 2452 1373 2544 χρησμῳδία

278 2567 321 2634 ul.
354 2587 404 2650 pr.
440 2571 510 2648 775,
547 2561 731 2652 φρυκτωρία
767 2566 809 2632 el.
843 2587 893 2648 eg.
928 2571 977 2650 33,
1009 2570 1082 2648 490,
1119 2560 1297 2652 παμπησία
1329 2567 1371 2633 al.

278 2682 360 2762 sept.
388 2681 460 2742 817.

361 2787 405 2854 P:
442 2779 630 2850 &cornuue
666 2807 750 2852 uem.
784 2785 852 2867 ΙΙΙ,
892 2791 920 2866 7,
957 2778 1151 2868 αἰμακοορία
1183 2785 1224 2850 oi
1259 2785 1287 2869 Ι,
1321 2791 1371 2868 90,

277 2890 494 2983 οίλλαίοφοοία
509 2901 555 2980 pt.
572 2896 614 2961 ol.
631 2895 679 2976 ΙΙ,
695 2898 745 2976 46,
769 2887 976 2980 ἰπποσροφία
992 2893 1022 2958 Ιι.
1037 2894 1121 2981 istm.
1138 2893 1187 2976 ΙΙ,
1204 2899 1254 2977 38,
1272 2917 1371 2958 κακα-

277 2999 369 3088 γορία
390 3005 433 3072 al.
448 3011 516 3091 pyt.
532 3005 581 3088 II,
598 3011 648 3087 53,
669 2997 870 3088 μακραγοριά
892 3009 938 3087 pt.
958 3008 1025 3088 pyt.
1046 3003 1144 3086 VIII,
1167 3009 1217 3086 31,
1239 2999 1370 3087 ναυαγία

277 3115 318 3182 al.
341 3116 426 3181 isim.
449 3115 478 3198 I,
501 3117 551 3197 36,
584 3107 757 3200 νικαφορία
778 3118 845 3197 pyt.
869 3111 897 3195 I,
921 3116 971 3194 59,
997 3108 1306 3198 oremavumoot'ucl.
1328 3113 1371 3179 ol.

276 3205 905 3312 mmmmmmmmo

360 3333 468 3401 Multo
501 3332 598 3418 plura
629 3353 650 3398 u
682 3331 863 3396 nominibus
887 3333 1011 3412 egentis
1036 3333 1069 3396 in
1091 3353 1145 3406 -ος
1166 3331 1265 3398 ducta
1286 3338 1369 3414 sunt,

276 3465 415 3528 paucae
430 3443 611 3511 nominibus
632 3442 756 3522 egentis
777 3441 810 3506 in
832 3462 916 3526 -τηςι
938 3431 1162 3524 οίαδρσκσασία,
1185 3435 1370 3528 παμπησία,

276 3547 480 3642 διφρηλασία.
525 3550 637 3636 Atque
674 3557 712 3618 ut
746 3572 811 3616 non
847 3551 955 3616 omniu
990 3551 1120 3616 nomina
1155 3551 1212 3617 illu
1247 3551 1370 3633 egentis

275 3669 417 3730 exstant:
449 3654 651 3747 ἆγκσρσῦχος,
683 3660 928 3746 λαμπτηροῦχος
956 3660 1150 3745 (esttamen
1172 3663 1371 3745 σκηπτοῦχος

363 3833 385 3900 ¹)
402 3831 437 3886 D.
455 3830 590 3896 ποιαῖκεια,
607 3845 669 3898 quae
686 3828 773 3884 formu
790 3828 826 3882 ub
843 3827 965 3882 Homero
983 3831 1139 3896 ueurpetur.

362 3919 386 3980 ²)
403 3915 450 3972 cu·
468 3913 551 3971 orde.
570 3915 628 3968 2³5.

361 4005 385 4065 Ι)
402 4001 489 4059 teneor
506 3999 560 4070 adj.
578 4005 670 4054 temen
688 3999 760 4068 opud
777 3998 953 4054 Theocritum
972 3999 1090 4067 primum
1108 3995 1256 4053 iuvenitur.

361 4089 386 4152 ι)
403 4085 523 4151 ἀνόλβιος
540 4084 612 4155 apud
630 4083 732 4141 Herod.
