3144 4788
808 309 868 370 122

286 478 399 562 positis
420 474 567 558 audetis,
589 479 697 542 umen
718 471 901 540 mirandum
923 477 1067 554 nonest,
1090 493 1189 556 quum
1212 493 1298 558 ssepe
1313 493 1382 538 ver-

285 587 367 657 bsh's
399 587 441 651 sit
471 586 562 670 prior
594 582 817 667 dependentiae
840 583 1090 666 compositorum
1113 603 1198 666 pars,
1222 582 1383 666 adjectiva

287 719 414 784 quoque
436 689 558 762 iioibus
580 693 712 776 regendi
731 693 988 778 superposuisse.
1022 692 1162 760 Tantum
1178 694 1276 775 igitur
1290 693 1384 762 abest

287 814 324 876 ut
343 829 365 874 s
386 803 631 874 determinando
663 802 706 870 sd
738 802 916 885 regendum
937 804 1105 870 transierit
1124 805 1215 886 prior
1236 826 1323 888 pars,
1335 811 1383 874 :ut

287 924 403 986 oontm
423 917 481 984 ills
501 913 661 999 adjectivo
682 933 755 980 oum
777 917 866 978 serto
887 932 964 978 essu
979 914 1130 997 conjungi
1144 913 1248 980 solere
1262 917 1383 984 aeriter

288 1029 322 1092 in
355 1026 506 1110 fingendo
539 1025 673 1090 sensisse
706 1029 739 1089 et
772 1023 805 1091 in
837 1023 900 1088 hoo
920 1024 990 1106 ipso
1012 1022 1277 1104 signifiostionsm
1298 1011 1383 1090 eoin·

289 1137 386 1220 positi
419 1137 562 1220 posuisse
596 1133 706 1201 Greeoi
737 1130 875 1216 putandi
907 1133 980 1198 sint
1024 1133 1123 1217 Soph.
1155 1155 1261 1217 psuos
1287 1134 1383 1218 hujus

287 1247 413 1328 generis
430 1244 540 1312 ¹tinxit:
564 1236 800 1327 ἐχθρσάαίμιον,
821 1235 985 1326 potantes,
1007 1235 1188 1326 ίσόσπριος.

371 1448 402 1514 2.
444 1445 541 1513 Itsro
575 1443 628 1526 tlt,
663 1445 704 1511 ut
731 1441 931 1534 posteriore
964 1443 1001 1508 in
1022 1440 1137 1528 'porte
1170 1445 1381 1512 vocobulum

286 1571 416 1640 regens
438 1555 595 1640 positum
619 1553 677 1620 sit.
755 1611 756 1616 ,

370 1713 438 1778 Ae:
461 1700 674 1790 ciospoyss'rorv
694 1729 744 1790 pr.
768 1711 825 1772 721
849 1700 1033 1790 (κορυφάς),
1056 1699 1248 1789 ἀστυγείτων
1268 1707 1310 1774 sl.
1331 1729 1383 1790 ag.

286 1825 347 1886 300
380 1811 545 1901 (σκοπάς),
579 1810 754 1898 πάγκοινος
785 1815 827 1882 sl.
850 1821 930 1898 sept.
954 1819 1015 1880 607
1048 1809 1218 1901 (μάστιγι),
1246 1817 1296 1882 oh.
1319 1821 1384 1882 458

286 1922 439 2014 (στάσις),
472 1921 644 2000 παναίτιος
674 1932 720 2010 pt.
753 1946 803 2008 ag.
840 1926 920 1990 1485
953 1923 1049 2009 (Διὸς
1076 1947 1158 1988 που
1179 1925 1383 2011 πανεργέτα),

286 2061 368 2106 eum.
392 2041 463 2104 200.

370 2147 413 2214 P:
441 2139 678 2229 adproperat.
701 2144 743 2211 ol.
766 2143 828 2223 VI,
851 2149 891 2209 63
913 2137 1056 2228 (χώραν),
1079 2143 1118 2208 fr.
1144 2148 1192 2227 74,
1212 2163 1226 2213 7
1249 2141 1383 2229 (τέρας),

287 2257 327 2324 sr.
352 2261 412 2322 190
434 2249 608 2340 (φθέγμα),
637 2249 826 2330 πολίκοινος
846 2254 888 2319 sl.
910 2258 976 2337 pyt.
1000 2253 1048 2335 ΙΙ,
1071 2256 1110 2318 41
1134 2247 1319 2338 (ἀγγελίαν).

370 2366 418 2432 Ut
450 2363 536 2452 apud
569 2371 694 2430 ceteros
725 2365 900 2446 scriptores
932 2361 1027 2447 hujus
1053 2365 1178 2444 generis
1205 2365 1385 2448 composite

286 2496 392 2560 panos
413 2480 496 2556 sunt,
519 2475 567 2540 ita
587 2473 675 2558 apud
697 2473 876 2540 Homerum
900 2473 952 2538 vix
974 2473 1063 2538 aliud
1085 2473 1266 2557 exemplum
1285 2495 1382 2556 quam

289 2577 471 2660 θεοείκελος
496 2585 666 2650 invenitur.

287 2818 346 2908 11.
382 2823 506 2907 Priore
546 2822 584 2904 Ιο
623 2825 729 2924 poro
762 2822 858 2904 trost
888 2823 1097 2924 propositio
1125 2843 1204 2925 οισι
1231 2826 1382 2928 posteri·

624 2968 723 3030 orsrr
750 2952 899 3051 portem
925 2953 1046 3050 reget.

372 3117 619 3202 Adjeotivorum
655 3117 776 3182 vicibus
808 3139 1002 3202 quamquam
1041 3119 1142 3185 multo
1177 3119 1273 3203 plura
1311 3121 1382 3186 fun·

287 3235 416 3310 guntur,
453 3233 562 3294 temen
598 3249 696 3292 unum
729 3227 905 3293 alterumve
937 3230 979 3296 ad
1014 3227 1247 3295 substantivum
1279 3236 1382 3296 trans-

287 3355 431 3418 gressum
453 3345 511 3403 est.

374 3516 401 3576 1.
446 3507 667 3575 Posterioris
689 3509 803 3592 portis
826 3509 938 3593 stirps
962 3511 1024 3575 out
1045 3509 1234 3575 immutato
1249 3512 1306 3576 est
1321 3513 1383 3578 sut

287 3617 558 3704 persisterem
581 3617 658 3684 exit
683 3621 762 3695 (sive
784 3620 881 3704 stirps
902 3619 1004 3685 vocali
1028 3641 1045 3681 ο
1066 3619 1226 3704 producta
1247 3628 1297 3686 est
1317 3623 1382 3686 sive

287 3735 433 3795 extrema
453 3727 573 3795 voeatis
594 3728 657 3794 hoo
678 3735 728 3794 est
749 3735 896 3804 mutate).

372 3862 440 3930 Ae:
468 3857 620 3948 ἀγχίαλος
639 3865 671 3930 h.
694 3886 778 3949 pers
802 3871 864 3930 888
886 3865 959 3950 (τὰς
980 3858 1075 3941 ἀ-ονς
1096 3859 1243 3949 ἐκράτυνε
1262 3862 1381 3948 μεσάκ·

287 3996 362 4050 τους
397 3976 531 4059 Λῆμνον
562 3965 689 4059 Ἰκάρου
725 3970 864 4060 θ’ἕδος),
897 3968 1087 4058 ἀγχίπτολις
1122 3975 1174 4042 al.¹
1201 3983 1282 4062 sept.
1320 3981 1380 4042 501

287 4076 460 4168 (Παλλάς),
494 4074 696 4168 ἀμφίπτολις
727 4084 778 4150 oh.
813 4088 852 4149 75
884 4076 1060 4171 (ἀνάγκαν),
1087 4078 1279 4173 ἀμφιτειχάς
1300 4092 1381 4171 sept.
