3144 4788
814 331 875 392 120

293 518 375 563 enm.
410 501 480 578 366,
508 495 594 579 quod
616 501 723 562 tamen
746 501 940 580 postremum
965 496 1007 562 ab
1028 497 1204 579 interprete
1226 496 1390 582 adjectum

293 629 361 674 esse
383 613 494 672 censet
514 605 613 672 Dind.

378 715 587 800 Adjeotivum
622 715 709 800 quod
740 723 790 782 est
821 714 921 796 μέσος
941 717 975 780 in
996 717 1104 800 priore
1126 723 1221 800 parte
1242 717 1311 783 haec
1333 719 1390 784 ha·

293 828 384 894 bent:
429 827 496 892 Ae:
529 821 690 906 μέσακσος
721 847 806 910 pers.
839 830 901 892 889
934 825 1008 910 (τὰς
1041 818 1211 908 ἀγχιάλους
1242 821 1391 909 ἐκράτυνε

293 937 411 1022 μ-οος),
443 929 654 1020 μεσόμφαλος
685 935 727 1000 al.
760 942 840 1020 sept.
875 940 935 1001 747
968 927 1206 1021 (χρησσηρἰις),
1232 937 1282 1003 ch.
1308 942 1389 1002 1036

294 1045 452 1132 (ἵδρυμα),
484 1065 534 1126 ag.
564 1049 645 1109 1056
672 1039 822 1128 (ἑστίας).
866 1045 908 1112 P:
931 1039 1136 1124 μεσονύκτιος
1156 1045 1197 1111 al.
1220 1047 1303 1112 istm.
1325 1046 1389 1128 VI,

295 1161 313 1222 5
336 1159 429 1240 (μ’-ον
449 1150 609 1234 δεξαμένα
630 1152 686 1216 τὸν
707 1149 889 1240 φέρτατον).

382 1265 505 1330 Eorum
534 1262 574 1328 de
602 1264 718 1348 quibus
739 1285 840 1349 supra
860 1264 996 1330 disserui
1018 1263 1240 1348 dependentiae
1263 1285 1391 1350 compo·

295 1379 429 1442 sitorum
451 1395 527 1458 pars
549 1375 708 1458 posterior
735 1375 882 1456 genetivo
909 1374 1092 1458 respondet.
1129 1375 1249 1440 Dativo
1281 1383 1391 1442 autem

296 1507 433 1569 quorum
466 1505 543 1567 pars
575 1485 735 1567 posterior
756 1484 952 1567 respondeat
972 1485 1025 1550 vix
1045 1485 1111 1550 alia
1132 1491 1208 1550 sunt
1228 1485 1261 1549 in
1284 1506 1391 1567 graeco

294 1616 441 1660 sermone
465 1615 560 1676 quam
582 1614 629 1674 ea,
653 1615 790 1676 quorum
812 1593 903 1676 prior
925 1615 1001 1678 pars
1023 1600 1072 1659 est
1092 1586 1164 1668 ἴσος
1185 1593 1391 1678 adjectivum.

295 1705 353 1771 Ad
385 1703 623 1770 similitudinem
656 1703 825 1768 Homerici
857 1696 990 1778 ἰσόθεος
1022 1725 1106 1787 pers.
1140 1709 1191 1785 80,
1224 1709 1287 1770 856
1321 1706 1392 1772 haec

294 1815 388 1881 finxit
402 1814 597 1898 Aeschylus:
621 1807 789 1895 ἰσάργυρος
811 1834 860 1894 ag.
877 1817 938 1876 959
961 1809 1145 1900 (πορφύρας
1166 1809 1232 1876 ἰ-ον
1253 1815 1391 1900 aquirio),

295 1919 473 2005 ἰσοδαίμων
493 1931 539 2008 pt.
561 1945 644 2006 pers.
669 1927 739 2003 633,
766 1916 922 2004 ἰοδνειρος
943 1945 992 2006 pr.
1016 1927 1086 2002 548,
1120 1916 1255 2000 ἰσδσαις
1276 1947 1325 2006 ag.
1351 1931 1391 1990 76

295 2030 398 2114 (ἰσχὺν
429 2029 524 2112 ἰ-δα),
558 2026 753 2111 ἶσόπρεσβσς
774 2052 825 2112 ag.
850 2037 888 2095 78
909 2025 1063 2112 (μσελός).
1106 2031 1268 2098 Pindarus
1290 2057 1391 2100 unum

296 2143 407 2210 habet:
431 2138 615 2223 ἱσόδενδρος
635 2141 675 2206 fr.
701 2143 760 2204 146
782 2133 936 2216 (αἰῶνος).

381 2252 461 2338 Quae
494 2253 527 2317 in
559 2251 711 2316 extremis
744 2249 897 2333 exemplis
930 2251 1033 2316 tribus
1061 2251 1233 2318 adhibetur
1255 2253 1392 2320 brevilo-

297 2363 430 2447 quentia
452 2361 612 2428 simillima
634 2366 684 2425 est
698 2359 776 2444 ejus3
793 2381 865 2442 quae
886 2361 920 2424 in
939 2353 1012 2436 ἰ’σος
1032 2361 1191 2445 adjectivo
1206 2363 1391 2432 adhibendo

297 2495 362 2540 non
383 2493 460 2538 rara
483 2477 533 2537 est
561 2471 624 2543 (cir
646 2469 745 2536 Hom.
768 2469 808 2536 Il.
834 2473 893 2534 163
916 2463 952 2533 οδ
974 2467 1033 2550 μὲν
1055 2465 1109 2534 σοί
1130 2461 1304 2536 noreiam
1326 2467 1390 2554 ἔχω

295 2581 391 2667 μέρος
411 2603 472 2666 pro
492 2565 564 2644 ἶσον
584 2576 680 2665 γέρας
700 2583 746 2664 τῷ
768 2585 816 2662 σῷ
838 2576 956 2662 γέραϊ).

380 2691 434 2757 Ne
457 2691 544 2775 apud
566 2689 645 2756 aiios
667 2688 796 2773 quidem
818 2690 991 2773 scriptores
1007 2689 1124 2757 desunt
1145 2692 1292 2775 exempla
1314 2715 1392 2776 quo-

296 2824 368 2869 rum
390 2802 480 2888 prior
501 2823 577 2885 pars
600 2793 674 2876 ἰ’σος
698 2807 791 2882 regat
815 2801 1039 2883 posteriorem:
1067 2793 1242 2886 ἰσάδελφος
1270 2803 1390 2883 (Eun),

296 2907 446 2992 ἱσοίνεμσς
477 2911 596 2992 (Eur),
631 2905 825 2986 ἰσσκίνδσνος
851 2909 991 2992 (Thus),
1019 2903 1160 2986 ἰσόνεκσς
1180 2912 1299 2996 (Eur),
1321 2908 1390 2979 ἰσο-

296 3016 428 3086 ardena
448 3025 534 3105 (pt),
557 3015 714 3105 ἰσοχειλής
730 3019 821 3094 ,(Χ.).

382 3131 563 3215 Saepissime
599 3135 708 3196 tamen
742 3129 784 3194 ad
816 3129 995 3213 possessiva
1027 3131 1205 3214 composite
1240 3132 1393 3215 fingenda

296 3239 482 3308 adhibetur:
525 3234 714 3320 ἱσοίριδμος,
759 3233 941 3322 ἰσήρετμος,
978 3233 1170 3318 ἰσοδίαιτος,
1207 3235 1391 3331 ἰσοκρατής,

296 3346 499 3435 ἰσομεγέθης,
535 3345 751 3451 ἰσομὲσωοσος,
788 3343 951 3430 ἰσόμορος,
986 3341 1154 3434 tectiores,
1192 3343 1391 3433 ἰσόσίεσρος,

296 3453 486 3546 ὶσονσληδὴς,
508 3453 681 3544 ἰσοσκελής.

381 3567 438 3638 Ad
461 3568 709 3634 determinativa
730 3575 838 3634 autem
854 3567 1005 3650 fingenda
1020 3569 1080 3634 nisi
1095 3569 1182 3654 apud
1198 3571 1392 3654 posteriores

297 3679 470 3766 scriptores
481 3700 557 3743 raro
569 3677 755 3743 adhibetur:
772 3674 1027 3764 icocpdpogffl.)‚
1044 3673 1252 3765 ἰσομέτρησος
1267 3681 1391 3763 (Flet),

297 3784 463 3862 -σέλεσσος
496 3787 634 3872 (soph).
679 3787 855 3854 Rarissime
889 3810 965 3854 vero
997 3788 1204 3872 conjungitur
1225 3811 1298 3855 cum
1320 3791 1392 3856 sub·

297 3899 450 3964 stantivo:
474 3890 628 3960 ἰσόπεδον
649 3897 735 3975 (Η.).

383 4005 464 4092 Quae
496 4027 596 4092 supra
623 4006 688 4073 dixi
716 4006 939 4092 dependentiee
961 4009 1140 4092 composita
1159 4009 1201 4074 ab
1223 4003 1294 4073 ἶσσ-
1314 4009 1392 4075 inci-

297 4117 420 4201 pientia
450 4117 483 4182 in
515 4116 554 4181 iis
585 4119 743 4182 rationem
775 4117 908 4199 regendi
929 4139 950 4184 a
969 4119 1129 4202 principio
1151 4119 1273 4186 nullam
1295 4120 1391 4186 fuisse
