3094 4786
812 269 855 332 44

278 440 344 504 ‚aut
374 434 462 520 apud
494 433 672 501 Pindarum
704 433 852 520 exempla
883 433 1059 502 verbalium
1091 437 1125 502 in
1163 457 1232 512 -τος
1267 434 1401 504 activae

286 545 527 630 significationis
542 565 615 611 cum
630 544 738 612 dativo
753 543 929 612 adverbiali
944 547 1174 631 compositione
1181 547 1398 632 junctorum.

286 655 436 722 Alterius
471 661 581 722 autem
616 655 741 740 generis
777 676 898 738 eorum,
935 678 1073 740 quorum
1108 657 1269 742 posterior
1305 675 1399 739 pars

286 765 446 850 passivam
479 764 578 832 habet
608 764 883 849 significationem,
916 787 954 832 eo
985 766 1082 852 plura
1113 773 1147 833 et
1178 767 1322 852 quidem,
1354 771 1399 832 ut

284 877 353 962 jam
386 875 463 959 dixi,
490 875 578 962 apud
603 874 802 962 Aeschylum
823 877 1029 943 inveniuntur
1050 877 1206 962 exempla.
1250 877 1395 944 Etenim

288 983 451 1054 Pindarus
483 1008 583 1072 quum
615 986 684 1052 fere
717 991 757 1052 20
783 987 879 1072 hujus
905 989 1031 1070 generis
1056 1008 1133 1053 usus
1155 987 1205 1068 sit,
1228 984 1394 1072 Aeschyl.

288 1118 354 1162 non
385 1098 490 1164 minus
524 1101 564 1160 70
596 1094 752 1178 adhibuit,
785 1118 922 1180 quorum
948 1098 1021 1182 plus
1043 1097 1176 1164 dimidia
1197 1117 1274 1181 pars
1295 1095 1395 1180 apud

290 1203 414 1271 nullum
446 1205 545 1273 alium
578 1206 768 1289 scriptorem
804 1207 976 1274 invenitur.
1020 1207 1062 1274 In
1097 1207 1200 1274 multo
1235 1205 1393 1291 pluribus

289 1317 380 1401 prior
394 1337 472 1401 pars
487 1315 594 1382 dativo
609 1316 813 1382 instrumenti
828 1316 1010 1401 respondet.
1044 1317 1161 1400 Neque
1176 1317 1217 1384 ab
1237 1316 1394 1382 Homero

291 1425 381 1491 nulla
412 1431 606 1511 receperunt
637 1426 776 1512 (Aeschz
811 1423 1020 1510 δουρίκλιτος,
1053 1424 1232 1513 θέσφατος,
1254 1421 1394 1492 αὐτοδί-

292 1533 422 1616 όακτος;
455 1535 554 1602 Pind:
589 1529 782 1617 θεόδματος,
817 1531 993 1622 θέσφατος,
1026 1531 1237 1618 revocareris,
1266 1529 1393 1619 ὀνομά-

292 1644 403 1720 κλυτος
426 1683 464 1693 -—
486 1646 527 1712 ab
550 1645 710 1712 Hesiodo:
737 1641 939 1729 θεόσδοτος).
983 1646 1134 1712 Fuerunt
1158 1649 1243 1712 enim
1265 1653 1393 1732 praeter

292 1753 362 1820 haec
394 1754 481 1839 apud
513 1777 586 1822 eum
617 1756 682 1822 alia
713 1776 778 1821 non
810 1775 915 1839 pauca
947 1777 1019 1839 qua
1045 1757 1249 1823 imitarentur
1274 1752 1391 1842 (οἶμο-

293 1858 460 1950 φόρυκτος,
492 1858 697 1949 ἀλλόγνωτος,
725 1859 951 1951 ἀνδρόκμητος,
972 1860 1161 1953 ἆρηίφατσς,
1184 1861 1390 1951 αὐτάγρσσος,

294 1969 506 2060 δοορίκτνχτος,
538 1970 818 2061 κηρεσσιφόρητσς,
848 1969 1044 2063 μελίκρητος,
1075 1971 1261 2064 μινλήφατος
1292 1979 1390 2058 πυρί-

295 2085 457 2170 καυστος).
500 2083 557 2150 Ad
589 2080 828 2151 similitudinem
860 2107 972 2151 eorum
1005 2085 1181 2171 Sophocles
1213 2084 1388 2152 admodum

295 2195 398 2261 mulia
429 2196 557 2261 novavit
588 2216 783 2278 quamquam
816 2195 909 2277 longe
941 2195 1042 2277 abest,
1070 2202 1201 2262 uicum
1222 2195 1387 2280 Aeschylo

293 2308 328 2372 in
349 2305 411 2372 hac
432 2327 468 2371 re
489 2307 672 2391 comparari
692 2307 806 2390 possit:
840 2297 1034 2384 ἆλίκλυστος,
1062 2299 1262 2386 σὶχμόόετος,
1292 2298 1385 2370 αὐτό-

294 2437 422 2499 γνωτος,
455 2409 660 2499 αὐθαίρετος,
693 2409 923 2499 αὖτογέννητος,
946 2408 1163 2495 αὖτόκτιστος,
1185 2409 1385 2502 δορίλητττος,

206 2519 208 2526 ⁴
296 2519 571 2610 κυνοσπάρακτος,
608 2521 861 2612 χαλκόπληκτος,
898 2518 1126 2609 χερόντληκτσς,
1163 2517 1386 2604 χειρόόεικτσς,

296 2629 525 2718 χειροδάικτος.
558 2633 665 2701 Multo
687 2636 791 2700 rarius
810 2635 900 2718 prior
913 2655 991 2719 pars
1006 2633 1113 2700 dativo
1128 2635 1190 2702 loci
1205 2632 1386 2719 respondet

297 2743 399 2829 Cujus
431 2745 557 2826 generis
583 2745 673 2810 nulla
694 2745 736 2811 ab
758 2743 904 2810 Homero
926 2751 1131 2828 sumpserunt
1152 2744 1335 2830 Aeschylus
1356 2749 1388 2808 et

297 2854 470 2937 Pindarus,
493 2875 687 2939 quamquam
708 2875 749 2920 ne
771 2853 850 2920 talia
869 2853 998 2938 quidem
1018 2855 1105 2939 apud
1124 2876 1197 2922 eum
1217 2854 1389 2920 defuerunt

298 2959 539 3068 (ἐλεόθρσστος,
562 2958 828 3050 οὐρανόδεικτος).

384 3133 415 3201 (1.
459 3132 554 3201 Prior
584 3155 669 3217 pars
703 3134 908 3216 adjectivum,
948 3133 1160 3200 adverbialem
1196 3135 1230 3199 in
1265 3132 1388 3200 modum

299 3245 486 3312 adhibitum.

385 3407 415 3447 α.
460 3383 623 3450 Posterior
641 3402 723 3465 pora
744 3382 880 3446 activam
895 3381 944 3446 uel
958 3381 1197 3446 intransitivam
1212 3381 1273 3444 vim
1287 3378 1389 3444 habet.

385 3516 450 3586 Ae:
474 3513 643 3602 ἁγνόρυτος
663 3541 712 3604 pr.
734 3522 806 3599 435,
829 3512 1051 3599 σάμσρσπτος
1065 3535 1114 3596 ag.
1133 3519 1191 3578 117
1208 3509 1389 3599 (ἕδραισιν),

302 3625 527 3715 πάμφθσρτος
558 3630 608 3695 ch.
643 3633 703 3694 296
736 3624 867 3713 (μόρῳ),
900 3621 1100 3709 πονόρκετος
1125 3625 1174 3690 ch.
1199 3629 1238 3689 70
1260 3618 1390 3708 (νόσου),

303 3735 482 3824 πάνδυρτος
503 3740 544 3806 al.
567 3759 651 3824 pers.
675 3743 736 3805 940
768 3731 907 3822 (αὐδάν),
930 3739 1002 3814 944,
1034 3730 1254 3820 πολύμνηστος
1274 3738 1320 3818 pt.
1343 3751 1390 3814 ag.

304 3856 363 3918 sal
386 3844 520 3936 (χάριν),
542 3844 718 3933 πολύρυτος
732 3850 761 3933 ¹)
782 3848 823 3914 al.
846 3869 915 3932 sup.
938 3849 1000 3912 8'43
1021 3839 1163 3931 (πόρον).

308 3997 505 4008 ......-..--—-

388 4087 412 4152 ¹)
429 4083 493 4140 Ood.
511 4083 674 4156 πολόρρντσς.
