3144 4788
707 295 768 356 119

185 452 347 536 {inanem
374 459 498 540 (Plau),
526 457 693 542 κένανδρος
715 459 816 543 (Aa),
839 453 993 540 ἄνανδρος
1018 456 1119 541 (Aa),
1147 451 1282 543 ἄπειρό-

186 571 303 652 δριισος
324 571 443 651 (Eun),
472 561 610 651 ddpooic
632 569 723 644 (Pu).
768 563 1001 649 Ἀιιειρόκαλος
1022 569 1109 650 (Χ.),
1132 575 1166 634 et
1186 562 1283 632 ἄπει-

186 675 315 765 potale
349 679 442 756 (Ar.)
479 681 663 764 compositis
707 701 779 762 quae
822 678 1039 762 respondeant
1079 679 1169 746 nulla
1208 688 1284 746 suut

185 792 372 873 possessiva.

272 901 367 966 Licet
398 922 497 966 unum
530 900 707 966 alterumve
741 901 953 982 compositum
981 900 1193 982 possessivum
1215 907 1281 966 tam

186 1011 285 1076 fuerit
306 1017 475 1089 vetustum,
498 1015 535 1075 ut
556 1009 598 1075 ad
621 1030 730 1074 eorum
754 1008 994 1074 similitudinem
1015 1007 1094 1090 haec,
1111 1009 1150 1074 de
1167 1010 1282 1093 quibus

186 1122 293 1202 agitur
315 1120 392 1202 fingi
414 1125 554 1203 possent,
571 1124 679 1184 tamen
694 1119 844 1184 libertate
860 1121 956 1200 graeei
977 1121 1133 1184 sermonis
1149 1119 1282 1186 diversis

186 1229 288 1296 modis
304 1232 481 1314 composita
496 1227 639 1313 ejusdem
655 1228 895 1310 significationis
910 1227 1051 1310 fingendi
1067 1251 1131 1295 non
1142 1230 1282 1296 alienum

186 1348 236 1406 est
262 1340 304 1406 ad
331 1361 421 1406 suam
448 1345 586 1422 utraque
608 1341 766 1404 rationem
789 1337 866 1402 ficta
888 1360 966 1420 esse,
988 1340 1035 1404 ita
1056 1345 1093 1405 ut
1114 1334 1283 1421 κένανδρος

186 1452 399 1534 compositum
415 1469 610 1533 quamquam
630 1447 765 1512 eandem
781 1468 878 1530 quam
901 1441 1055 1530 ἄνανδρος
1076 1449 1174 1514 habet
1188 1450 1282 1531 signi·

185 1561 378 1641 ficationem,
411 1566 519 1624 tamen
552 1579 622 1624 eam
655 1558 752 1622 fuisse
786 1559 944 1622 rationem
976 1559 1060 1622 inter
1092 1565 1211 1642 partes
1246 1565 1284 1624 ut

185 1673 276 1756 prior
308 1670 520 1755 posteriorem
554 1674 690 1748 regeret,
726 1668 803 1732 mihi
837 1667 965 1750 quidem
994 1668 1060 1731 veri
1087 1669 1281 1734 simillimum

186 1781 343 1846 videatur.

271 1891 410 1970 Horum,
434 1910 505 1971 quae
527 1887 716 1971 supradixi,
735 1886 852 1952 similia
866 1893 942 1951 sunt
957 1908 1003 1967 ea,
1021 1907 1158 1978 quorum
1172 1889 1281 1971 priore

187 2001 221 2065 in
243 2006 336 2084 parte
358 2000 443 2064 inest
464 1991 593 2077 ἀκάμας
607 1997 811 2082 adjectivum,
828 1997 920 2080 eujus
941 1997 1067 2078 generis
1093 1997 1179 2081 apud
1206 1997 1282 2064 Pin·

186 2108 302 2175 darum
334 2129 433 2174 unum
465 2108 612 2191 exempla
642 2107 848 2172 inveniuntur
881 2111 914 2172 et
940 2105 1068 2189 quidem
1095 2106 1177 2172 haec:
1201 2100 1282 2169 ἀκα-

185 2212 403 2300 parielinae
435 2219 518 2288 istm.
553 2217 614 2294 VI,
650 2222 699 2297 10,
734 2210 1008 2297 ἅκαμανιομάχιις
1034 2223 1099 2300 pyt.
1123 2215 1185 2298 IV,
1212 2221 1281 2296 171,

185 2321 478 2408 ἅκαμαντιιχάρμιις
500 2328 540 2392 fr.
566 2331 635 2391 179.
1269 2397 1276 2406 ,

271 2435 351 2520 Quae
384 2439 561 2522 composita
594 2430 684 2514 ἄξιος
712 2435 904 2519 adjectivum
927 2435 1036 2518 priore
1058 2437 1091 2500 in
1112 2441 1206 2520 parte
1227 2435 1282 2500 ha

185 2546 271 2627 hent,
305 2567 344 2610 ea
375 2568 502 2630 quoque
534 2547 713 2630 posteriore
746 2552 841 2612 aetate
868 2544 911 2610 ad
937 2567 1038 2626 genus
1060 2544 1282 2628 dependentiae

185 2657 349 2721 transiisse
383 2655 557 2721 Olemmius
590 2662 708 2721 censet.
751 2655 812 2720 Usi
845 2661 920 2719 sunt
951 2654 1070 2720 talibus
1098 2655 1282 2738 compositis

183 2771 304 2850 praeter
326 2772 451 2830 ceteros
474 2765 519 2830 illi
535 2787 644 2830 rerum
660 2767 834 2848 scriptores
850 2763 1050 2846 Herodotus
1066 2763 1281 2848 Thucydides,

184 2873 387 2958 Xenophon:
421 2867 621 2953 ἅξιὲπαινος,
653 2869 792 2955 -όλογος,
821 2869 967 2954 -aeipuxnc,
990 2870 1122 2950 -όνικιις,
1145 2867 1282 2956 -όεργος,

184 2979 324 3064 -όῑιμοικ
368 2981 480 3068 Atque
514 2985 566 3049 hic
599 3005 694 3066 quem
726 2959 905 3048 eirtremum
938 2984 1002 3048 dixi
1035 2984 1207 3067 saepissime
1236 2984 1283 3048 ita

149 3127 158 3144 ι
184 3093 285 3174 finxit,
318 3099 355 3157 ut
385 3095 419 3158 in
450 3095 628 3179 posteriore
662 3099 755 3177 parte
783 3092 976 3178 adjectivum
1004 3092 1133 3158 verbale
1155 3093 1188 3158 in
1212 3115 1283 3168 -τος

184 3209 332 3286 poneret:
346 3195 547 3286 ἅξιάγαστος,
560 3197 740 3280 -άκουστος,
753 3203 936 3284 -ακρόατος,
949 3199 1107 3286 -ἑραστος,
1120 3197 1284 3282 epiroten,

185 3306 418 3392 -οθαύμαστος,
452 3305 608 3398 ·όκτητος,
636 3309 882 3392 -ομακάριστος,
910 3308 1167 3397 epaphram,
1190 3305 1286 3373 -dar—

185 3443 274 3499 στος,
312 3415 504 3499 -όσκειιιος,
541 3415 798 3498 -οσπούὸασιης,
845 3417 1073 3504 -οῒέκμαρτος,
1118 3414 1286 3506 -οφίλητος
1390 3482 1392 3486 ,

184 3531 359 3597 Poetarum
392 3537 500 3596 autem
533 3531 641 3613 generi
673 3529 835 3594 scribendi
867 3529 1032 3612 grandiori
1059 3535 1092 3595 et
1113 3528 1282 3594 excelsiori

184 3642 279 3726 hujus
301 3642 388 3708 modi
410 3643 587 3726 composita
608 3661 673 3706 non
695 3641 772 3704 satis
793 3638 943 3705 videntur
965 3639 1134 3724 placuisse.
1181 3635 1284 3721 Apud

184 3751 324 3832 tragicos
357 3752 440 3816 euim
473 3758 507 3816 et
538 3750 717 3816 Pindarum
750 3749 846 3834 plane
879 3749 996 3814 desunt
1023 3749 1165 3832 exceptis
1187 3747 1283 3812 Euri-

184 3860 286 3944 pideis
318 3855 482 3947 -ditpvjvcg,
516 3854 685 3945 -ovrerilrjg,
719 3854 858 3943 -ὀχρεως
879 3865 913 3924 et
934 3857 1117 3942 Aeschyleo
1150 3851 1283 3938 -όμισος

187 4007 386 4017 --..—--

270 4099 294 4161 ¹)
312 4095 408 4150 Potius
425 4095 677 4152 determinativum.
