3094 4786
781 237 822 304 n
878 260 881 269 ,

334 431 381 496 μγ.
423 428 446 474 α
468 405 650 479 verbalibus
672 407 706 472 io
729 427 809 480 -τος,

334 517 411 598 Aa:¹
435 520 574 592 ἀπιστία
596 526 628 592 h.
650 546 700 608 ag.
723 529 795 605 268,
824 522 1007 604 δυσπραξία
1029 522 1071 588 al.
1092 544 1143 609 pr.
1166 529 1239 606 966,
1260 547 1344 594 eum.

252 636 322 724 769,
346 631 505 720 εὐπραξία
527 636 570 702 al.
593 642 676 718 sept.
698 639 769 700 224.

334 749 377 816 P:
411 741 544 832 ἀγρυξία
570 746 611 812 ir.
634 749 706 826 253,
739 737 877 808 ἀελπτία
897 751 965 828 pyt
989 743 1077 822 XII,
1099 749 1148 827 31,
1182 738 1345 828 ἀμβροσία

250 860 283 926 h.
306 860 349 927 ol
372 858 401 942 Ι,
425 863 475 924 62.

230 1095 234 1104 .
334 1009 383 1074 dd.
426 1029 449 1074 α
470 1007 652 1090 verbalibus
674 1008 707 1071 in
729 1029 791 1092 -ης,

335 1131 402 1196 Ae:
419 1121 563 1214 ἀλήθεια
578 1127 609 1192 h.
625 1147 676 1208 ag.
693 1105 763 1208 613,
786 1117 949 1208 ἀσφάλεια
964 1125 1006 1191 al.
1022 1146 1093 1210 sup.
1108 1132 1181 1212 496,
1204 1123 1345 1218 ἀφάνεια

249 1241 292 1308 al.
325 1261 375 1322 ag.
404 1240 476 1318 384,
509 1231 679 1316 dessidere
700 1236 742 1304 al.
765 1236 815 1302 eb.
840 1238 910 1316 704,
943 1227 1092 1317 εὐλάβεια
1113 1239 1154 1306 al.
1177 1263 1227 1324 ag.
1252 1249 1343 1326 1024,

249 1345 395 1430 εὐσέβεια
411 1347 548 1430 alsept.
568 1349 638 1427 344,
662 1339 849 1431 προμήθεια
864 1346 891 1430 ¹)
910 1345 951 1410 al.
968 1367 1036 1432 sup.
1055 1352 1124 1423 178,
1148 1348 1345 1438 προσφίλεια

248 1465 295 1545 pt.
318 1464 399 1543 sept.
421 1461 482 1522 515
498 1459 537 1542 ²).

333 1567 375 1634 P:
406 1560 548 1635 ritibus
569 1566 600 1631 h.
625 1579 706 1630 nem.
730 1563 771 1647 V,
797 1569 845 1648 17,
869 1559 1008 1650 ἀφάνεια
1030 1567 1071 1633 al.
1094 1568 1177 1636 istm.
1202 1569 1270 1652 III,
1292 1576 1344 1656 49,

249 1672 442 1759 προμάθεια
463 1677 504 1742 al.
528 1697 611 1741 nem.
635 1673 702 1755 XI,
724 1679 776 1740 46.

334 1788 444 1853 Unum
459 1787 637 1856 alterumve
652 1805 673 1850 a
687 1785 847 1868 principio
862 1785 1056 1870 adjectivum
1071 1786 1146 1854 fuit:
1170 1783 1344 1874 ἀμβροσία.

333 1897 375 1963 Iu
402 1917 535 1962 numero
558 1894 776 1959 derivatorum
798 1894 840 1958 ab
863 1895 1044 1963 verbahbus
1058 1898 1092 1962 in
1114 1922 1168 1974 -ος
1190 1902 1345 1968 nonnulla

249 2016 334 2090 sunt,
368 2006 484 2091 quibus
516 2003 745 2088 respondentia
769 2003 913 2070 verbalia
934 2012 992 2071 aut
1012 2007 1109 2090 plane
1131 2031 1195 2074 non
1217 2018 1344 2079 exstent

248 2111 438 2203 (ἀπαγορία,
475 2108 637 2198 συντυχία)
673 2119 731 2180 aut
765 2115 798 2178 in
834 2137 888 2200 -ης
919 2117 1132 2184 terminentur
1167 2111 1343 2206 (ἀμεμιρία,

248 2219 395 2310 ἀτρεμία,
418 2219 580 2304 boroella,
602 2217 768 2308 εὐπραγία,
785 2216 922 2304 τάσεβία.
959 2225 1000 2290 Iu
1016 2247 1149 2294 numero
1165 2227 1341 2296 verbalium

249 2338 281 2403 in
314 2358 387 2412 -τος
417 2334 606 2400 vocabulum
643 2328 796 2417 lirenates
831 2334 954 2399 nullum
986 2342 1100 2418 exstat,
1138 2331 1343 2420 δάσπρακτος

249 2452 375 2513 tantum
396 2443 483 2528 apud
505 2445 708 2529 posteriores.

334 2555 443 2639 Hujus
465 2554 591 2637 generis
613 2555 665 2637 (β)
687 2555 937 2638 compositorum
959 2554 1028 2621 haee
1048 2562 1124 2622 sunt
1137 2557 1225 2641 apud
1240 2558 1339 2626 Hom.

248 2664 410 2748 exempla:
433 2659 601 2749 τιαρηορίη,
622 2655 773 2748 ἀφραάίη,
789 2659 960 2748 πογμαχίη,
976 2659 1155 2750 ἀκομιστίη,
1171 2663 1340 2754 ἀμβροσίη,

249 2766 400 2860 ἀληθείης
422 2773 525 2860 Soph:
550 2765 715 2858 εάηορβία.

333 2948 360 3006 γ.
404 2923 501 2992 Prior
516 2945 601 3008 pore
622 2945 735 2990 nomen
756 2927 891 3006 opuntis.

333 3043 400 3108 Ae:
433 3038 587 3124 λιψουρία
620 3041 670 3106 oh.
699 3045 758 3106 766
791 3041 993 3126 (”υανλσοραι
1014 3065 1056 3109 νυ
1071 3045 1201 3127 piseen''
1222 3045 1339 3132 Pasa).

249 3153 337 3219 Huio
352 3151 530 3237 eomposito
544 3151 660 3216 similia
674 3156 821 3236 exempla
836 3155 887 3218 vix
902 3153 1006 3218 habeo
1022 3173 1093 3236 quae
1105 3153 1238 3220 afferam
1249 3156 1339 3221 nisie

247 3261 478 3346 posterioribus
501 3260 723 3345 scriptoribus:
758 3257 971 3349 φιλοκυνηγία.
995 3257 1174 3348 ιμλολαλία,
1197 3263 1338 3348 φιλολοι-

248 3365 351 3453 dupin,
379 3363 586 3434 ἒάελοκακίαε
618 3369 706 3435 Plat:
731 3366 939 3435 ibelodooiiu
962 3373 1044 3456 (var.
1067 3367 1160 3456 -εία).
1206 3373 1270 3440 sed
1292 3380 1339 3440 ta·

247 3501 320 3545 men
353 3480 488 3560 eogitari
519 3486 626 3563 potest
647 3479 743 3546 fuisse
765 3481 939 3563 aliquando
961 3476 1117 3562 λιψουρός
1137 3481 1337 3565 vocabulum,

247 3590 357 3654 fletum
379 3587 492 3654 eodem
513 3588 608 3654 modo
631 3611 695 3672 quo
717 3585 945 3674 φιλοπαίγμον
966 3589 1106 3674 (Hom),
1130 3586 1340 3667 illelbdovlvg

248 3681 375 3782 (Plan),
409 3693 660 3779 ἒθελοπράξενος
682 3697 824 3782 (Thus),
858 3694 1083 3784 ηιλολοίάορος
1104 3697 1271 3785 (Aurem),
1292 3702 1340 3767 ite

333 3883 355 3952 ¹)
373 3881 418 3936 Sie
434 3881 495 3936 eod.
514 3881 561 3938 sed
579 3882 805 3951 suprascriptum
825 3902 834 3932 ι
853 3883 1028 3952 (προμηθία),
1045 3899 1107 3951 quae
1120 3883 1209 3941 iorum
1223 3883 1338 3938 fortasse

247 3972 289 4022 eet
307 3965 478 4036 praeiereude
496 3965 565 4034 (vid.
585 3966 667 4020 Dind.
681 3967 756 4032 len).

332 4053 357 4118 ²)
375 4051 406 4106 ln
424 4067 504 4110 versu
522 4050 726 4120 interpolatoris
743 4051 812 4119 (vid.
830 4049 933 4117 Diod).
972 4111 976 4120 ⁴
