3094 4786
717 335 755 394 75

271 501 335 567 Sed
364 503 433 584 jam
467 523 504 566 eo
537 485 746 580 transeamus,
776 506 821 580 ut,
843 521 907 582 quo
929 497 1024 566 modo
1046 501 1092 564 vis
1113 501 1183 584 ipse
1204 521 1275 583 pos·
1371 535 1373 538 ·

185 611 310 674 sessivae
344 611 582 693 compositionis
614 609 718 674 verbis
740 609 984 692 interpretenda
1010 612 1060 690 sit,
1083 631 1274 692 quaeromus.

185 719 281 803 Quod
304 719 431 802 quidem
454 721 523 802 ipso
545 719 700 785 vocabulo
723 721 868 784 universe
890 717 1096 802 significetur.
1130 719 1275 802 Boppius

184 830 269 894 euim
290 831 467 913 possessiva
482 827 563 895 dixit
577 829 663 912 quod
685 829 761 893 ”cleo
777 829 925 896 Besiteer
940 831 1051 893 descen
1066 828 1274 899 adrehildem,
1364 807 1367 818 Ι

185 959 254 1003 was
286 940 336 1004 die
368 941 527 1004 11111111
564 939 594 1002 Τ
591 939 671 1002 teile
697 939 753 1004 der
778 947 1093 1020 111111111111111
1117 939 1275 1014 bodemen,

184 1071 220 1113 so
253 1051 330 1114 doce
362 1051 418 1113 der
451 1049 582 1131 Repriff
605 1051 660 1114 des
683 1049 894 1114 Besiteouden
918 1052 1026 1113 11111·
1047 1071 1088 1113 11
1110 1048 1275 1131 complicem

184 1159 244 1222 isr’
260 1161 297 1243 ¹).
343 1159 422 1244 Quae
455 1159 628 1242 descriptio
656 1180 693 1224 eo
716 1160 912 1242 reprehensa
935 1166 983 1223 est
1005 1158 1091 1242 quod
1113 1159 1145 1222 iu
1168 1159 1276 1222 omnia

183 1267 280 1352 hujus
302 1271 427 1350 generis
449 1291 512 1334 nou
536 1269 666 1351 cadit²).
701 1267 816 1350 Neque
838 1271 949 1350 negari
969 1275 1075 1352 potest
1090 1271 1151 1332 vim
1168 1267 1275 1352 hujus·
1371 1317 1376 1326 .

183 1379 271 1444 modi
303 1381 552 1462 compositorum
580 1379 745 1458 angustius
768 1379 813 1442 itu
835 1377 971 1443 definiri.
1017 1377 1079 1445 Sed
1102 1385 1209 1442 tamen
1232 1377 1274 1442 ad

184 1487 427 1570 significandum
461 1489 570 1572 qualia
602 1489 758 1553 siut'hoc
790 1489 892 1570 ipsum
922 1490 1110 1554 vocobulum
1134 1488 1273 1552 omnium

183 1621 282 1664 uuum
298 1620 364 1664 esse
381 1597 478 1663 credo
494 1600 702 1681 aptissimum.
737 1597 831 1682 Quod
847 1599 930 1662 enim
946 1598 1128 1678 significant
1142 1597 1273 1679 siufgulae

183 1709 350 1792 compositi
372 1713 490 1792 partes,
513 1707 546 1772 id
568 1699 766 1788 significatur
788 1709 848 1772 hoc
870 1707 1025 1772 vocabulo
1049 1730 1117 1772 esse
1138 1707 1273 1791 alicujus

183 1817 233 1882 vel
266 1825 371 1882 ortum
404 1817 445 1882 ab
471 1817 578 1901 aliquo
600 1817 650 1881 vel
672 1819 800 1882 omuino
822 1817 917 1882 modo
940 1817 1048 1900 aliquo
1070 1817 1112 1882 ad
1134 1818 1273 1900 aliquem

183 1927 355 2010 pertinere,
389 1929 435 1993 ita
467 1933 504 1992 ut
535 1949 599 2010 qua
621 1929 745 1992 ratione
767 1929 862 2012 hujus
884 1930 1010 2008 generis
1032 1928 1209 2010 composito
1230 1926 1272 1992 ud

184 2037 312 2101 nomina
333 2059 392 2102 sua
413 2037 597 2102 referantur
619 2038 671 2100 vix
693 2037 758 2102 ullo
781 2038 845 2103 alio
869 2037 1023 2103 vocabulo
1046 2037 1158 2102 melius
1179 2038 1273 2118 signi·

183 2147 275 2212 ficari
304 2149 416 2231 possit.
462 2149 573 2229 Atque
595 2147 621 2210 si
650 2148 830 2230 quaerimus,
854 2169 925 2232 quae
947 2149 1045 2213 verba
1067 2147 1187 2212 utenda
1208 2147 1273 2213 sint

182 2255 224 2320 ad
246 2259 425 2340 possessiva
446 2256 625 2340 nominibus
640 2258 705 2321 suis
721 2255 934 2340 adjungenda,
950 2259 984 2320 in
1000 2265 1110 2324 nostro
1126 2279 1271 2322 sermone

181 2365 313 2431 verbum
347 2367 433 2450 quod
466 2373 515 2431 est
540 2365 638 2448 hosca
664 2389 748 2450 saepe
771 2387 835 2431 nou
858 2368 935 2432 satis¹
957 2373 1067 2451 aptum
1090 2374 1148 2449 est,
1171 2367 1271 2433 latino

181 2499 258 2542 vero
290 2478 323 2541 iu
349 2499 495 2542 sermone
517 2475 631 2540 tacere
654 2475 843 2541 vocabulum
865 2475 958 2557 longe
980 2477 1125 2560 plurimis
1147 2483 1197 2541 est
1217 2499 1272 2560 ap·

181 2588 347 2651 tissimum.
393 2587 472 2672 Quae
499 2607 598 2670 quum
620 2588 666 2651 ita
688 2593 802 2667 essent,
826 2608 888 2650 uon
911 2586 1054 2652 dubitavi
1077 2586 1163 2670 quod
1186 2586 1272 2670 Bop·

180 2695 252 2779 pius
274 2695 401 2762 induxit
422 2696 611 2762 vccabulum
633 2698 786 2780 recipere.

266 2805 346 2890 Quae
373 2807 435 2872 huc
461 2807 647 2871 referuntur
672 2806 849 2888 composita
871 2807 917 2870 ita
938 2805 1169 2871 distributurus
1191 2827 1270 2886 sum,

180 2921 216 2980 ut
249 2923 388 3000 spectem
423 2937 486 2998 quo
518 2915 613 2981 modo
647 2915 790 2980 suethice
812 2916 876 2981 siut
896 2915 1150 2999 interpretanda,
1173 2936 1269 2998 quam

179 3027 337 3090 rationem
370 3026 519 3110 persequi
553 3047 747 3108 quamquam
775 3025 866 3089 video
890 3032 1027 3108 quantas
1050 3023 1167 3090 habeat
1189 3024 1270 3089 diffi-

180 3134 325 3217 cultates,
359 3142 467 3200 tamen
495 3133 645 3216 conabor,
670 3143 706 3200 ut
726 3137 772 3200 ita
794 3135 907 3199 melius
928 3134 1126 3215 intelligatur
1148 3143 1271 3216 quanta

178 3245 212 3309 in
253 3243 372 3310 talibus
413 3245 596 3328 compositis
639 3244 788 3310 libertate
831 3246 879 3308 usi
920 3245 985 3309 sint
1020 3243 1201 3328 Aeschylus
1237 3251 1271 3310 et

179 3353 351 3419 Pindarus.

266 3510 293 3569 l.
342 3503 555 3585 0111111111
577 3505 736 3586 siquidum
758 3505 792 3588 1)
815 3509 928 3569 uestem
944 3504 1270 3589 (armamentaque).

178 3614 214 3699 b)
235 3636 328 3678 1111
350 3616 382 3698 1)
404 3615 657 3691 instrumentum,
680 3612 1268 3698 111111111111111111111.

178 3725 221 3788 111
238 3725 289 3806 pri
315 3725 374 3805 sip,
400 3723 457 3787 loos
479 3723 651 3806 11111ἅῖ11
674 3725 685 3786 i
706 3723 897 3806 11111111),
923 3722 971 3788 uel
992 3725 1088 3787 etiam
1109 3722 1147 3806 d)
1168 3722 1269 3790 oliam

179 3853 244 3900 rem
265 3853 329 3918 quo
352 3831 429 3916 quid
449 3833 493 3898 cit
516 3837 664 3898 ornatwn
686 3832 783 3916 (quoe
804 3833 839 3898 in
860 3854 922 3918 quo
939 3831 1008 3910 fica
1029 3833 1099 3921 sit).

263 4054 285 4122 ¹)
302 4050 409 4105 Erunt.
426 4067 454 4120 p.
473 4052 531 4106 153.

261 4138 286 4204 ¹)
302 4135 409 4190 Erldut.
427 4152 454 4208 p.
471 4136 530 4193 153.
564 4135 642 4191 Orth.
659 4152 686 4208 p.
704 4137 765 4193 128.
