3094 4786
806 1147 868 1244 11.

555 1339 806 1476 Composita
840 1339 1113 1476 possessiva.

375 1577 451 1644 Hoc
472 1583 529 1657 est,
552 1583 589 1641 ut
606 1575 675 1660 jam
696 1599 797 1662 supra
816 1579 864 1661 (p.
890 1577 922 1660 1)
944 1575 1084 1640 breviter
1099 1573 1282 1656 significavi,
1297 1574 1384 1638 inter

293 1687 555 1772 compositionem
574 1687 850 1752 determinativem
866 1691 899 1751 et
914 1685 1124 1770 possessivum
1139 1682 1320 1766 discrimen,
1336 1689 1382 1765 ut,

292 1819 391 1882 quum
413 1803 551 1880 utraque
572 1797 690 1882 prioris
711 1796 796 1862 illius
818 1818 894 1881 pars
916 1817 953 1861 ιο
976 1816 1107 1860 munere
1129 1793 1291 1876 fungatur,
1319 1814 1382 1876 quo

290 1929 349 1992 per
381 1929 415 1972 se
447 1908 517 1991 ipsa
548 1906 661 1973 functa
692 1912 742 1972 est
773 1900 980 1991 (κακιγείτων
1012 1904 1115 1969 malus
1147 1903 1294 1988 ricinus),
1321 1902 1383 1999 hac

290 2017 395 2084 altera
416 2016 646 2100 compositione
668 2037 751 2082 nova
772 2017 859 2082 notio
881 2015 1031 2096 fingatur,
1055 2015 1101 2079 ita
1120 2019 1158 2080 ut
1171 2014 1383 2097 compositum

273 2135 275 2139 ’
291 2127 349 2194 fiat
370 2126 544 2210 appellatio
559 2127 638 2210 ejus,
655 2127 709 2209 qui
724 2126 861 2191 alteram
875 2131 1002 2209 partem
1017 2123 1122 2189 altera
1137 2123 1382 2190 determinatam

290 2235 410 2303 habeat
441 2229 666 2320 (ἁβροδίαιτος
697 2237 794 2300 vitam
826 2234 955 2300 mollem
987 2235 1127 2318 gerens).
1176 2232 1252 2299 Non
1285 2235 1383 2314 igitur

290 2347 449 2413 alterutra
480 2345 622 2430 partium
654 2367 692 2411 ιο
724 2365 857 2409 munere
888 2343 1041 2426 fungitur,
1075 2365 1139 2427 quo
1171 2365 1230 2427 per
1256 2365 1290 2408 se
1311 2343 1382 2426 ipsa

290 2457 403 2522 functa
434 2461 492 2537 est,
525 2477 629 2538 neque
657 2456 726 2540 jam
759 2477 818 2538 por
850 2476 884 2518 se
916 2454 987 2537 ipsa
1011 2468 1127 2519 nomon
1149 2459 1206 2534 est,
1230 2453 1285 2518 sed
1308 2473 1381 2518 con-

287 2567 409 2650 junctis
440 2564 586 2649 partibus
618 2566 706 2631 tertii
738 2564 904 2648 eujusdam
936 2563 1128 2629 attributum
1160 2563 1309 2646 efficitur,
1334 2564 1382 2628 ita

291 2682 328 2741 ut
358 2681 468 2759 partes
494 2676 579 2740 inter
606 2696 639 2739 se
665 2674 777 2741 relatae
798 2674 901 2747 alicui„
916 2673 1135 2740 attribuantur
1157 2675 1209 2756 (ιιι
1229 2674 1262 2738 in
1284 2694 1380 2736 κακο-

291 2780 414 2864 δαίμων
435 2777 452 2869 a}
474 2787 529 2847 τοῦ
552 2779 704 2863 δαίμονος
725 2777 860 2868 κακότης
881 2784 1002 2848 homini
1022 2782 1213 2848 attributum
1236 2785 1309 2866 est).

376 2893 441 2961 Sed
476 2915 540 2976 quo
577 2891 672 2958 modo
704 2898 777 2958 orta
809 2895 886 2959 sint·
904 2893 1081 2976 possessiva
1112 2894 1298 2975 compositu,
1331 2892 1380 2966 his

290 3006 368 3092 ipsis
397 3002 595 3087 temporibus
626 3003 660 3068 iu
686 3003 817 3068 dubium
843 3009 991 3069 vocatum
1012 2995 1075 3068 ιιι
1115 3002 1202 3067 Nam
1224 3023 1264 3066 ea
1284 3009 1380 3067 antea

291 3114 467 3180 communis
499 3113 561 3178 fuit
593 3113 700 3196 opinio
732 3106 808 3177 iride
830 3134 850 3178 a
870 3113 1029 3196 principio
1054 3111 1286 3196 adjectivorum
1308 3112 1378 3177 loco

291 3223 438 3290 adhibita
448 3244 525 3289 esso.
553 3223 601 3289 Ut
616 3222 761 3289 Curtius:
778 3221 850 3286 ”der
864 3222 963 3286 durch
978 3222 1029 3286 die
1038 3221 1379 3304 zusammeneetzunffl,

290 3335 404 3417 inquit,
426 3333 650 3398 ”arscennene
671 3353 750 3398 neue
771 3332 903 3415 Repriff
920 3332 1002 3397 wird
1023 3333 1122 3396 etnam
1141 3333 1264 3398 andern
1283 3336 1380 3396 worn

290 3444 344 3508 als
365 3441 577 3525 Eiqensohust
600 3443 767 3525 tetqeleyr
781 3443 818 3528 ¹).

376 3551 488 3636 Atque
510 3553 606 3618 etiam
629 3551 730 3636 Leop.
753 3551 916 3620 Schrdder
931 3551 1015 3616 hano
1030 3571 1051 3615 a
1065 3549 1317 3617 determinatius
1337 3552 1379 3618 ad

290 3664 467 3748 possessiva
497 3664 781 3744 transgressionem
813 3667 922 3726 censet
953 3661 1090 3744 positam
1112 3659 1193 3743 ”auf
1209 3661 1278 3725 dem
1300 3661 1379 3726 heim

292 3773 460 3838 mannate·
499 3772 798 3838 hiaaakommenden
835 3769 966 3849 formali
1005 3769 1093 3834 nicht
1128 3769 1379 3851 auspcdritokten

291 3889 444 3950 momente
479 3883 535 3948 der
569 3882 813 3964 adjeettvtscten
850 3879 1035 3962 berietuny”
1049 3881 1088 3965 ²).
1138 3879 1261 3946 Contra
1293 3879 1379 3964 quod

377 4069 401 4132 ¹)
418 4065 525 4122 arlant.
542 4083 569 4135 p.
589 4067 647 4123 153.

376 4151 400 4224 ¹)
417 4150 497 4208 Osth.
514 4169 542 4223 p.
561 4152 621 4208 128.
