3094 4786
753 341 773 402 5

296 509 380 576 Sunt
412 515 519 575 sutem
550 508 615 574 elia
647 507 834 591 composita,
867 526 1004 589 quorum
1030 507 1116 572 inter
1140 510 1251 590 partes
1271 511 1309 572 ut

211 621 370 686 rationem
395 619 674 685 determinativum
696 617 898 683 intercedere
919 617 989 682 sine
1009 615 1107 682 dubio
1128 615 1308 697 intelligere

137 733 139 738 '
210 729 295 812 linet,
328 731 377 795 itu
407 730 466 795 ille
496 749 561 796 non
593 735 660 795 tem
693 727 758 792 lixa
783 733 818 792 et
838 726 933 793 firme.
955 726 1064 810 fuerit,
1086 732 1124 794 ut
1145 727 1308 794 notionem

210 840 421 924 principalem
452 839 494 905 eb
527 860 592 905 une
624 837 667 904 ed
699 837 836 907 alteram
868 843 994 920 partem
1027 833 1210 918 transgredi
1243 857 1308 902 non

210 949 332 1015 sineret
352 970 467 1014 sermo.
513 948 585 1034 Quo
607 949 641 1013 in
663 969 798 1013 numero
819 947 971 1031 ponende.
991 953 1067 1012 sunt
1088 946 1176 1028 telio,
1199 945 1309 1029 qualis

209 1064 286 1124 suut
310 1054 582 1142 ἀριστό-ὄειπνον,
604 1052 810 1139 scopi-nodio
825 1059 861 1141 ¹).
906 1056 994 1122 Illud
1015 1056 1130 1140 Meyer
1150 1057 1309 1140 interpre-

209 1175 314 1234 tatur:
348 1170 399 1232 ein
431 1167 570 1246 δεῖπνον,
603 1168 665 1232 das
695 1168 755 1231 wie
786 1169 838 1231 ein
869 1159 1001 1249 ἄριστον
1032 1165 1228 1248 augmentet
1253 1167 1308 1230 ist.

210 1277 326 1346 Nostri
342 1299 439 1361 quum
455 1277 569 1344 dieunt
590 1275 891 1359 ’Jrutostmiddapz
914 1277 1040 1360 saepius,
1056 1276 1165 1359 oredo,
1181 1277 1306 1342 dieunt:

210 1388 340 1470 middap
360 1389 413 1452 oid
431 1387 611 1467 frutoettid
631 1389 651 1452 i.
675 1410 702 1452 e.
723 1407 792 1452 som
813 1386 928 1451 endunt
949 1385 1003 1450 till
1025 1385 1111 1451 tideo
1126 1386 1241 1467 stiljer
1256 1387 1306 1466 sip

208 1496 288 1576 srdn
304 1498 614 1580 middupemdltiulen.
648 1495 732 1562 Tum
752 1497 842 1582 prior
858 1495 988 1580 quidem
1003 1517 1080 1580 pers
1094 1497 1307 1580 posteriorem

211 1607 428 1673 determinare
450 1610 518 1673 sine
541 1607 638 1674 dubio
654 1607 855 1689 intelligitur.
889 1607 947 1672 Fit
960 1614 1079 1687 tamen,
1095 1612 1132 1672 ut
1146 1603 1306 1683 ”frutoet-

212 1717 356 1799 mittas
378 1737 444 1782 non
466 1718 568 1784 solum
584 1725 731 1803 tempore
747 1717 803 1782 sed
819 1718 916 1782 etiam
932 1723 1092 1801 apparatu
1108 1715 1151 1780 ab
1165 1733 1203 1780 eo
1219 1715 1306 1799 quod

212 1832 261 1891 est
282 1825 411 1908 midday
432 1829 548 1911 (coena
568 1829 763 1911 meridiana)
795 1827 935 1909 differat,
968 1833 1006 1892 ut
1026 1827 1135 1910 priore
1156 1827 1191 1890 in
1212 1831 1307 1908 porte

210 1935 287 2000 insit
307 1937 396 2002 notio
418 1939 617 2022 principalis,
651 1938 870 2004 determinans
890 1939 925 2002 in
947 1937 1136 2021 posteriore.
1180 1934 1306 2000 Eodem

210 2045 307 2110 modo
327 2066 390 2111 vox
411 2041 610 2126 κωμόπολις,
638 2047 762 2131 opinor,
789 2053 823 2112 et
843 2047 984 2112 etadolile
1006 2045 1046 2128 ty
1068 2052 1101 2111 et
1123 2045 1210 2127 opitu
1231 2045 1308 2110 stud

210 2155 392 2238 significare
435 2162 557 2240 potest,
601 2164 638 2222 ut
680 2159 769 2224 notio
804 2159 972 2242 primarie¹
997 2156 1038 2222 ed
1076 2175 1172 2221 unam
1203 2161 1307 2235 trans·

211 2265 378 2346 mediatur
400 2265 441 2331 ab
463 2267 568 2332 altera
592 2274 697 2351 parte.

292 2375 435 2441 Tantum
466 2377 565 2458 igitur
596 2378 697 2459 abest,
731 2384 768 2443 ut
797 2379 831 2442 in
863 2383 957 2461 perte
978 2378 1157 2461 posteriore
1180 2395 1307 2459 semper

208 2487 296 2550 notio
329 2486 518 2570 principalis
550 2488 635 2570 insit
669 2493 706 2554 ut
736 2489 834 2553 etism
858 2489 1000 2571 priorem
1022 2487 1128 2552 locum
1150 2505 1306 2551 nonnum·

207 2615 303 2678 quem
327 2595 482 2662 obtineat.
526 2597 579 2662 lix
600 2599 640 2662 iis
662 2621 733 2682 quse
755 2598 1014 2682 supradiximus
1036 2595 1219 2662 nominibus
1239 2597 1306 2660 sui-

206 2704 339 2770 malium
355 2705 432 2770 ‘duo
458 2712 542 2787 sunt,
565 2727 637 2790 quie
659 2708 721 2774 heo
742 2709 868 2774 ratione
889 2705 1098 2787 intelligenda
1119 2705 1304 2772 videantur:

207 2810 491 2900 στρουθοκάμηλος
522 2821 556 2881 et
586 2811 787 2904 χηναλώπηξ.
835 2817 953 2900 Neque
985 2817 1070 2882 enim
1105 2815 1196 2898 prior
1228 2835 1305 2898 pers

206 2925 417 3006 posteriorem
451 2925 654 3010 determinat,
683 2927 739 2993 sed
766 2929 829 2992 hae
856 2925 1103 2992 determinetur:
1137 2945 1176 2990 en
1205 2922 1304 3006 sopri

206 3052 274 3098 som
307 3033 415 3098 liltnor
442 3057 480 3099 en
502 3036 615 3117 kamet,
638 3059 676 3103 en
696 3039 767 3120 pri-s,
789 3057 857 3103 som
880 3036 987 3101 tener
1009 3055 1047 3100 en
1068 3033 1134 3111 riis.
1177 3029 1320 3099 Eodem'

205 3143 378 3208 referenda
399 3151 475 3210 sunt
495 3166 589 3212 voees
616 3141 813 3230 ἀνδρογίγας,
841 3140 1129 3229 ἀνθρωποδαίμων
1142 3145 1180 3228 ²),
1206 3142 1304 3228 ξιφο-

206 3249 366 3334 ὁρέπανον
379 3255 418 3338 ⁸).
462 3253 540 3320 Non
572 3258 657 3322 enim
691 3249 880 3338 ἆνδρογίγας
912 3255 1059 3320 declaret
1089 3251 1304 3317 ”minnlmter

205 3361 318 3428 Rieod'
340 3361 396 3428 sed
412 3365 548 3446 junone
570 3385 654 3446 man,
676 3387 752 3430 mun
774 3386 841 3430 som
865 3365 972 3430 litnar
994 3385 1033 3429 en
1048 3363 1151 3446 jutan·
1172 3353 1303 3440 ἅνθρω-

204 3467 377 3552 nouatum
409 3495 474 3540 non
501 3473 648 3542 declarat
668 3476 877 3540 mennistolilc
897 3475 964 3558 pud
985 3473 1041 3540 sed
1061 3469 1197 3556 putatet
1218 3491 1301 3536 men·

204 3581 309 3647 nielfa.
353 3581 468 3668 Atque
499 3591 537 3650 ut
567 3583 805 3670 dopodpe'ruavnr
836 3585 997 3667 significat
1029 3581 1221 3663 lamformiq
1252 3581 1302 3660 tie,

202 3692 251 3756 ita
286 3691 526 3777 ξιφοδρέπανον
561 3695 720 3777 signifieat
756 3694 931 3778 lieformipt
962 3695 1067 3760 evdrd.
1112 3693 1300 3760 Sermonem

203 3801 265 3868 sibi
285 3803 347 3886 ipsi
369 3823 440 3868 enm
462 3804 565 3886 legem
588 3811 720 3887 certem,
743 3811 781 3870 ut
801 3825 878 3890 pers
899 3806 1059 3890 posterior
1080 3804 1182 3889 priori
1196 3801 1301 3868 deter-

289 3991 313 4054 ι)
330 3988 535 4060 Drandvsffzus.
553 4007 580 4059 p.
599 3992 641 4045 27.

288 4075 312 4145 ¹)
328 4073 534 4132 evandro-zue.
551 4091 579 4145 p.
596 4079 639 4132 25.

288 4161 313 4226 ¹)
331 4157 409 4214 lbdm
427 4175 455 4230 p.
475 4163 519 4217 27.
