3144 4788
823 319 885 382 114

388 486 489 570 Apud
540 484 738 570 Aeschylum
789 485 859 552 haec
906 490 982 550 sunt
1023 486 1149 567 generis
1192 485 1402 569 comparativi

303 597 465 681 exempla:
488 589 681 681 decurioque
702 595 765 668 (cir
787 601 932 662 nostrum
954 595 1033 677 djup
1056 614 1122 660 som
1145 595 1401 678 spanslcusjo'a),

304 701 505 789 δορόκρανος,
528 701 813 788 όρακονυόμαλλος,
835 701 1060 786 μελίγλωσοος,
1082 699 1323 790 φοινικόπεδος.

387 817 430 882 P:
465 810 651 894 ἀελλόπους,
679 807 889 896 ἀργυρόπεζα,
917 809 1161 901 ἐγχεικέραυνος,
1183 809 1401 896 ίοβόσυρυχος,

302 919 503 1011 ίογλέφαρος,
526 918 736 1005 ιὀπλόκαμος,
757 918 933 1006 μελίγαρυς,
954 917 1176 1005 μελίγόουπος,
1191 920 1401 1005 μελίκομπος,

302 1029 530 1118 μελίφθογγος,
562 1030 733 1119 μελίφρων,
761 1027 1023 1116 φοινικάνθεμος,
1050 1029 1272 1114 εγουνικόπεζα,
1294 1057 1402 1120 (μουνυ-

303 1137 447 1222 κόροδος,
475 1136 776 1228 φοινικοστερόπας,
802 1135 1012 1224 χρυσοκόμας,
1039 1136 1259 1224 γρυσοχαίυας.

388 1252 565 1318 Homerus:
586 1244 754 1328 ἀελλόπος,
771 1243 982 1334 ἀργυροδίνης,
998 1243 1207 1334 ἀργυρόπεζα,
1227 1248 1401 1338 μελίγηρυς,

302 1357 475 1447 μελίφρων,
498 1355 740 1444 ῥοδοδάκυυλος.

387 1471 473 1538 Sunt
499 1471 555 1553 qui
577 1472 610 1535 in
633 1492 697 1536 uno
719 1470 862 1536 alterove
884 1469 980 1553 hujus
1001 1471 1127 1551 generis
1149 1491 1232 1556 comp
1257 1474 1401 1538 >sitorum

216 1607 220 1615 ¹
303 1582 445 1664 priorem
468 1587 593 1664 partem
614 1581 793 1664 posteriore
816 1579 1024 1644 determinari
1045 1580 1241 1662 intelligant:
1265 1582 1401 1662 δρακον-

302 1685 461 1769 υόμαλλος
482 1691 636 1755 dracones
657 1690 848 1771 copillorum
865 1689 930 1754 loco
945 1689 1066 1754 habens
1081 1690 1220 1768 (Dind.),
1240 1684 1402 1766 ἀελλόπος

303 1799 495 1864 sturmwind
524 1799 577 1864 uls
600 1798 699 1880 feisse
731 1799 857 1864 luceae
886 1795 1015 1884 <Meyer
1043 1799 1145 1865 Beitr.
1173 1822 1204 1883 p.
1231 1806 1293 1881 11),
1327 1821 1401 1883 quae

305 1916 414 1974 tamen
435 1910 662 1992 interpretatio
684 1931 760 1974 num
783 1910 825 1974 sit
846 1909 1037 1990 ”poetiscler
1058 1910 1126 1974 und
1139 1909 1401 1976 auschatvliclver”

302 2019 379 2086 licet
399 2017 601 2084 addubitare.

370 2129 469 2213 'Quae
502 2128 681 2212 composita
706 2129 884 2212 possessiva
906 2127 1097 2212 adjectivum
1120 2131 1229 2213 priore
1250 2130 1282 2193 in
1306 2135 1400 2212 parte

304 2239 426 2304 habent
458 2239 491 2304 in
517 2239 556 2303 iis
583 2239 678 2319 louge
699 2238 845 2321 plurimis
866 2239 949 2302 ratic
971 2239 1056 2302 inter
1078 2244 1188 2321 partes
1210 2238 1400 2304 attributiva

303 2347 476 2430 cogitanda
507 2355 565 2414 est.
610 2347 863 2430 Nonnumquam
895 2354 1003 2413 tamen
1036 2347 1241 2432 praedicative
1274 2348 1317 2413 ad
1342 2370 1397 2432 po-

201 2487 203 2492 ·
301 2459 470 2525 steriorem
491 2464 618 2542 partem
634 2459 661 2540 ¹)
683 2457 774 2541 prior
795 2458 902 2540 aptius
923 2458 1064 2523 refertur
1087 2464 1120 2523 et
1140 2459 1277 2524 maxime
1298 2459 1331 2523 in
1347 2460 1396 2541 iia,

301 2589 373 2651 quae
395 2565 437 2633 ad
459 2573 586 2651 partem
608 2573 627 2630 9
646 2569 824 2651 pertinent:
847 2560 1027 2646 ἀμβλιοπός
1048 2587 1115 2632 som
1134 2571 1194 2649 μῦν
1215 2587 1315 2650 synon
1337 2568 1396 2645 sid,

301 2672 448 2762 aavuyyrjg
479 2697 547 2742 som
576 2681 636 2759 μὸν
668 2677 779 2741 λό’νίυπ
813 2683 939 2750 ίοοαοο,
972 2669 1136 2760 ὀρθόθριξ
1166 2697 1233 2743 soro
1259 2677 1396 2743 dommer

300 2787 392 2852 lvci-ret
423 2791 475 2852 ait
506 2807 581 2851 reso
613 2787 672 2868 sip,
704 2780 943 2868 μεγιστόπολις,
971 2779 1161 2865 όρένόπολυς,
1188 2792 1396 2869 comperce

300 2897 377 2962 stud
407 2901 508 2961 sidrst
540 2896 609 2978 (till
631 2896 691 2960 den
712 2899 859 2976 elireto),
893 2915 961 2958 σοον
987 2895 1092 2962 heller
1113 2898 1227 2962 sladen
1249 2902 1395 2978 uppriv'tt.

385 3007 442 3072 Fit
473 3006 571 3072 etiam
588 3011 634 3080 lut
659 3004 852 3089 adjectivum
879 3007 1018 3088 positum
1040 3008 1149 3090 priore
1170 3009 1203 3072 in
1224 3013 1318 3091 parte
1340 3007 1395 3072 ad·

300 3116 474 3184 verbialem
496 3117 529 3180 in
551 3115 681 3180 modum
701 3114 943 3196 intelligendum
964 3117 1018 3180 sit:
1042 3109 1233 3196 εόρυαίγμας
1254 3093 1321 3180 scin
1340 3115 1395 3194 fiir

301 3228 414 3292 lucsco
435 3227 601 3308 (λόπιμον)
617 3226 667 3306 μό
688 3230 733 3289 etl
754 3225 930 3290 oidstrdclct
951 3225 1087 3298 οοννᾶυίυ,
1111 3219 1266 3306 εὐρυβίας.

385 3335 616 3417 Dignissimum
649 3340 763 3399 notatu
790 3340 839 3399 est
870 3329 1063 3417 μελάνδρνος
1093 3335 1303 3419 compositum
1330 3335 1393 3400 Ae.

300 3447 339 3512 fr.
373 3449 434 3512 249
460 3439 664 3527 (κρεμάσασα
691 3439 784 3520 τόξον
806 3439 919 3518 πίτυος
941 3439 976 3504 ἐκ
997 3437 1204 3527 μελανόρόου)
1226 3445 1317 3528 cujus
1339 3466 1394 3528 po-

299 3557 468 3622 steriorem
490 3561 617 3638 partem
636 3555 817 3634 genetivum
832 3554 1088 3636 interpretantur
1103 3553 1216 3637 (Hom.
1235 3558 1283 3636 14,
1302 3559 1341 3619 12
1356 3553 1394 3616 τὸ

299 3662 398 3746 μέλαν
420 3659 537 3746 δρυός).
571 3663 694 3729 Tamen
716 3665 876 3746 posterior
897 3685 974 3747 pars
993 3664 1101 3746 priore
1120 3664 1345 3728 attributivum
1359 3665 1393 3729 in

301 3774 429 3840 modum
441 3772 648 3839 determinari
666 3773 767 3838 multo
784 3772 958 3855 simplicius
973 3774 1143 3853 cogitatur.
1171 3773 1282 3858 Atque
1294 3795 1393 3856 quum

299 3885 374 3966 δρῦς
399 3882 589 3949 vocabulum
617 3889 650 3948 et
676 3881 826 3947 arborem
848 3887 881 3948 ct
901 3882 1012 3965 pinum
1034 3883 1215 3964 significare
1236 3885 1338 3967 possit
1359 3889 1394 3948 et

384 4121 405 4192 ¹)
423 4119 464 4173 De
481 4118 571 4187 priore
592 4121 672 4188 parte
688 4119 724 4173 ad
741 4117 892 4186 subjeetum
915 4120 1094 4188 pradicativc
1115 4121 1203 4175 relata
1219 4119 1281 4174 vide
1299 4136 1391 4190 supra.
