3094 4786
785 319 824 380 1¹0

252 488 378 553 burri-s
420 486 578 570 Quorum
589 487 752 570 posterior
771 503 848 569 pars
869 491 919 548 est
939 477 1053 562 μόνας
1075 503 1151 546 num
1171 501 1212 546 ea
1233 482 1295 546 hoc
1315 482 1349 544 in

178 578 180 582 ’
251 603 386 664 numero
405 596 557 680 ponenda
571 598 644 677 sint,
662 615 725 661 non
742 596 820 662 satis
835 587 963 661 constat
976 595 1061 660 iuter
1076 591 1198 658 doctos.
1235 591 1349 675 Meyer

252 707 339 790 quod
361 706 456 772 affert
469 707 497 790 ¹)
520 727 579 800 our
599 705 743 790 priorem
764 711 890 789 partem
909 705 1127 773 accusativum
1142 723 1211 768 esse
1226 701 1349 782 credat,

251 817 464 901 posteriorem
496 822 623 900 partem
639 832 767 896 eorum,
798 835 870 897 quae
892 819 1061 878 enumerat
1082 807 1349 896 (κοσκινόμαντις,

252 919 467 1009 αεκρόμαοτις,
499 921 702 1006 χειρόμαντις
734 931 767 991 ct
787 924 924 1007 similia)
950 922 1112 988 verbalem
1134 923 1197 987 vim
1219 921 1349 1003 habere,

253 1056 318 1100 nou
350 1035 432 1100 satis
462 1041 511 1101 est
536 1035 580 1101 ad
609 1035 822 1120 probandum.
867 1034 909 1098 In
940 1032 1011 1097 illis
1038 1034 1122 1098 enim
1155 1033 1350 1115 compositis,

253 1145 314 1210 nisi
336 1145 424 1229 apud
443 1147 643 1230 posteriores
665 1146 839 1229 scriptores
859 1165 925 1209 nou
950 1142 1112 1224 adhibitis,
1141 1143 1232 1226 prius
1255 1161 1350 1207 mem·

253 1253 372 1336 bruris,v
385 1261 525 1339 'excepto
553 1249 750 1334 ὑετόμοατις,
783 1254 944 1338 objectum
973 1251 1108 1334 intelligi
1138 1275 1203 1319 non
1233 1259 1350 1338 potest.

254 1363 497 1444 Aduerbialem
518 1371 557 1430 ut
574 1365 680 1448 ajunt,
703 1365 765 1428 vim
787 1364 894 1446 habet,
918 1369 957 1429 ut
976 1362 1135 1444 significet
1155 1369 1213 1429 aut
1234 1385 1297 1446 quo
1318 1365 1352 1428 iu

253 1493 372 1553 genere
396 1479 454 1539 aut
480 1495 545 1558 qua
565 1476 691 1541 ratione
713 1474 772 1539 fiat
793 1495 847 1540 ars
868 1473 1043 1538 divinandi.
1086 1473 1196 1538 Etiam
1219 1495 1257 1538 ea
1278 1495 1351 1556 quea

254 1584 355 1648 nostri
393 1583 505 1650 dicunt
541 1584 764 1666 taeterrimae,
801 1583 1065 1665 kaffespcttoinna
1106 1581 1353 1650 determinativa

253 1699 340 1765 suut«
382 1693 429 1759 ut
458 1715 568 1760 vocem
599 1687 723 1773 μάντις,
755 1693 843 1776 quod
865 1691 1098 1758 substantivum
1126 1700 1219 1775 esset,
1242 1700 1351 1758 tamen

254 1801 416 1868 verbalem
448 1805 511 1869 rim
544 1804 716 1887 accepisse,
742 1809 781 1868 ut
805 1804 895 1886 prius
921 1803 1098 1868 membrum
1121 1803 1283 1886 objectum
1305 1805 1351 1868 in·

254 1911 465 1994 talli'gerttur,
482 1912 570 1981 baud
586 1911 788 1977 crediderim.
825 1911 897 1978 Nec
912 1913 1014 1994 magis
1030 1912 1223 1996 Olemmi0²)
1245 1931 1352 1978 assen-

254 2022 320 2086 tior
340 2021 462 2088 dicenti
482 2023 574 2106 prius
590 2021 773 2086 membrum
795 2022 829 2086 in
852 2021 998 2086 omuibus
1020 2021 1202 2108 hujusmodi
1225 2043 1352 2107 compo-

254 2129 494 2212 sitisgenetivo
507 2130 715 2214 respondere.
748 2131 865 2214 Neque
881 2133 975 2213 euim,
991 2134 1017 2196 si
1033 2132 1224 2198 vocabulum
1238 2130 1352 2211 μάντις

254 2258 329 2304 cum
350 2241 498 2322 'genetivo
519 2241 672 2324 conjungi
693 2245 810 2323 potest,
825 2240 954 2306 *idcireo
969 2243 1002 2306 in
1018 2244 1198 2326 composito
1211 2243 1245 2308 id
1260 2263 1350 2308 voca·

257 2347 379 2430 bolum,
413 2370 552 2432 quocum
578 2350 785 2432 conjunctum
807 2351 858 2432 sit,
881 2353 1027 2432 genetivo
1048 2351 1246 2436 respondere
1268 2354 1351 2434 eogi-

254 2456 390 2525 teudum
421 2479 502 2541 esse,
535 2460 607 2542 quis
638 2465 689 2524 est
720 2461 799 2541 quin
830 2459 959 2525 videat?
991 2462 1086 2527 Licet
1117 2462 1350 2528 substantivum

255 2568 406 2647 ganeum
436 2568 640 2652 respoudeat,
673 2567 866 2653 adjectivum
900 2591 977 2636 sane
1002 2573 1189 2637 attributive
1210 2573 1351 2656 positum

255 2677 366 2760 potius
398 2677 605 2760 cogitandum
636 2683 694 2742 est.
739 2678 852 2760 Atque
884 2679 964 2744 talia
995 2681 1104 2763 qualia
1125 2687 1201 2746 sunt
1222 2677 1352 2762 προτό-

255 2807 379 2864 μαντις,
417 2782 634 2867 κλατόμαντις,
670 2781 889 2868 σεμαόμαντις,
922 2781 1151 2869 όριοτόμαατις
1181 2789 1252 2856 fieri
1287 2811 1351 2856 uon

255 2901 364 2978 potest
390 2897 467 2978 quiu
495 2896 683 2964 attributive
704 2896 935 2977 intelligantur.

340 3029 372 3094 b.
417 3029 514 3095 Prior
530 3051 614 3112 pars
633 3032 776 3113 ροοαίὶαο
797 3031 975 3112 respondet.

342 3149 407 3212 Ae:
454 3135 639 3228 Βοόλαρχος
674 3169 744 3232 sup.
785 3153 837 3230 12,
876 3153 952 3230 969,
995 3143 1224 3235 μυριόνταρχος
1266 3175 1351 3238 pers,

253 3255 330 3340 614,
354 3257 417 3322 994
430 3259 467 3341 ⁸),
502 3255 708 3343 πολέμαρχος
730 3258 771 3324 al.
794 3265 874 3342 sept.
898 3259 969 3340 828,
993 3255 1041 3324 ch.
1067 3263 1148 3324 1072
1174 3263 1226 3345 (ατ.
1250 3255 1352 3349 ἀνήρ),

257 3361 468 3448 στασίαρχος
485 3373 531 3452 pt.
560 3389 630 3451 sup.
661 3371 709 3450 13,
744 3363 900 3449 τόξαρχος
922 3367 962 3432 al.
985 3389 1069 3451 pers,
1093 3373 1164 3452 556,
1187 3365 1354 3453 τόπαρχος

256 3475 307 3543 ch.
331 3477 394 3542 664
407 3477 435 3558 ¹)
467 3477 553 3564 (γονὴ
575 3476 673 3562 τ-ος),
708 3471 883 3564 στρατι,χός
915 3477 956 3542 al.
979 3483 1059 3560 sept.
1083 3483 1154 3560 816,
1188 3477 1353 3561 χιλίαρχος

257 3587 299 3653 al.
332 3605 416 3672 pers.
449 3590 522 3669 304,
556 3581 702 3672 οἰκουρός
733 3587 774 3652 al.
808 3608 857 3668 ag.
889 3588 979 3668 1225,
1008 3591 1099 3668 1626,
1122 3583 1353 3672 πολοκοόρανος

257 3697 299 3764 al.
332 3693 372 3762 ir.
406 3701 456 3778 92,
489 3689 701 3781 provocabimur
732 3719 782 3780 pr.
815 3701 876 3760 461
911 3689 1046 3782 (μνήμης
1078 3689 1231 3760 ἁπάντων
1262 3699 1353 3782 ¹u-oo'

265 3808 460 3820 W*-

344 3868 367 3929 ¹)
385 3865 441 3919 Zur
458 3881 501 3934 gr.
518 3864 733 3933 nominalcomp.
751 3881 778 3932 p.
798 3865 857 3918 252.

343 3951 368 4013 ²)
386 3950 436 4003 Die
454 3965 517 4003 neu.
536 3949 651 4004 For-soh.
671 3966 700 4017 p.
719 3953 761 4004 85.

340 4037 366 4104 ,1)
385 4033 452 4090 ”Ubi
469 4036 587 4087 metrum
606 4033 903 4103 postulationemque
920 4034 995 4104 quod
1012 4034 1136 4088 reatitui”
1154 4033 1188 4088 D.

344 4121 369 4194 ⁶)
387 4115 454 4173 cod.
473 4118 616 4186 τόπαρχος,
632 4117 697 4174 vide
713 4117 796 4178 Dind.
813 4117 868 4173 lex.
997 4161 1002 4172 .
