3094 4786
647 327 688 390 99

95 515 201 580 pers.
225 496 297 574 453,
321 485 444 566 ἑνόδιος
465 491 497 558 h.
513 511 562 576 pr.
578 496 651 576 487,
675 490 817 572 ἐξαίσιος
836 495 867 562 h.
884 517 954 583 sup.
971 501 1042 582 514,
1066 495 1215 581 ἐπέτειος

98 607 148 673 al.
183 626 237 686 ag.
274 606 365 682 1016,
399 597 582 683 ἐπιβιόμιος
603 603 645 669 al.
668 605 708 670 fr.
732 610 782 688 99,
804 627 834 686 a,
857 603 1025 684 καταίσιος
1046 629 1096 693 ag.
1122 616 1213 696 1699,

100 711 278 798 παράλιος
311 713 351 778 al.
384 734 433 796 pr.
468 717 549 794 673,
573 711 761 796 προτέλειος
776 717 802 802 ¹)
824 717 865 782 al.
888 739 938 800 ag.
962 724 1012 796 65,
1036 713 1215 803 ὑπαίθριος

101 828 150 894 al.
190 849 242 911 pr.
278 829 347 904 113,
381 845 430 904 ag.
465 827 535 904 335,
568 815 785 906 ὑπερπόντιος
817 827 858 892 al.
892 849 942 910 ag.
968 833 1041 913 414,
1068 853 1138 916 sup.
1161 837 1213 917 42,

100 931 539 1022 mmmmem

200 1046 245 1112 P:
280 1037 449 1125 ἐναγώνιος
471 1043 501 1108 h.
524 1050 590 1129 pyt.
614 1044 662 1127 Π,
687 1049 736 1127 10,
759 1067 841 1112 nem.
865 1045 927 1130 VI,
952 1051 1000 1132 13,
1034 1042 1159 1128 ἐνάλιος
1180 1052 1211 1120 h.

105 1163 179 1242 pyt.
205 1155 268 1236 IV,
292 1157 341 1234 39,
364 1147 502 1233 ἐννύχιος
523 1153 554 1219 h.
577 1161 643 1238 pyt.
667 1153 735 1238 ΙΙΙ,
760 1161 809 1238 79,
839 1151 982 1238 ἐνόρκιος
1003 1159 1044 1225 01.
1068 1156 1115 1242 ΙΙ,
1142 1167 1212 1246 101,

108 1261 307 1345 ἐπαυχένιος
338 1269 384 1348 pi.
418 1269 483 1348 pyt.
517 1263 566 1346 Π,
599 1267 649 1348 93,
684 1260 876 1344 ἐπιχθόνιος
908 1266 939 1332 h.
973 1267 1014 1334 ol.
1044 1268 1126 1352 VII,
1160 1274 1211 1354 61,

109 1371 309 1454 ἐπουράνιος
340 1373 370 1438 h.
405 1373 444 1438 fr.
479 1379 529 1458 97,
557 1393 583 1456 4,
617 1374 789 1456 περιδαῖσς
820 1375 860 1441 fr.
886 1381 955 1459 196,
975 1381 1016 1460 2,
1033 1373 1213 1462 ὑπαίθριος

111 1486 155 1550 al.
191 1483 233 1550 ol.
260 1481 323 1565 VI,
357 1487 407 1564 61,
440 1477 655 1567 διιερπόνιιος
687 1485 729 1551 al.
762 1492 828 1570 pyt„
858 1480 900 1569 V,
935 1491 985 1572 69,
1018 1482 1212 1570 ἐπουράνιος

112 1595 146 1660 h.
170 1593 211 1659 fr.
236 1597 330 1674 97,1.

201 1703 331 1769 Horum
354 1703 494 1768 omnium
517 1703 676 1788 simplicia
696 1711 763 1770 ham
785 1711 913 1772 vetusta
934 1713 1019 1791 suni,
1042 1714 1088 1790 ut,
1112 1729 1211 1796 quum

114 1815 329 1899 compositum
362 1811 547 1896 fingeretur,
581 1815 717 1898 simplex
743 1837 871 1899 quoque
893 1821 1045 1899 exstaret,
1059 1821 1211 1910 ¹exeeptis

117 1923 300 1989 Homericis
333 1921 496 1988 vocabulis
529 1910 675 2004 ἐννύχιος,
710 1921 902 2006 ἐπιχθόνιος
928 1928 1080 2011 (quorum
1102 1935 1210 1997 tamen

117 2033 273 2118 simplioia
305 2038 380 2098 sunl
411 2031 498 2116 apud
532 2031 738 2117 Hesiodum),
777 2030 901 2111 ἐνόδιος
933 2037 1042 2121 (eujus
1075 2039 1211 2124 simplex

117 2143 204 2228 apud
240 2142 439 2226 Aeschylum
474 2143 613 2226 primum
649 2145 811 2210 iuvenitur
838 2183 876 2194 ·-
905 2146 992 2230 apud
1029 2145 1210 2215 Homerum

116 2261 222 2320 tamen
246 2275 362 2318 nomen
377 2253 543 2336 proprium
563 2247 693 2336 Ὀδίος),
710 2259 743 2318 et
757 2255 940 2340 Aeschyleo
956 2255 1011 2327 illo
1028 2251 1211 2340 ἐπιβιόμιος

117 2364 222 2448 (eujus
242 2368 350 2428 tamen
372 2361 508 2446 simplex
529 2367 579 2426 est
600 2361 688 2446 apud
711 2362 928 2448 Sophoclem).

200 2473 241 2540 In
278 2495 411 2538 numero
448 2473 698 2556 compositorum
731 2473 764 2538 in
798 2497 863 2550 -ιος
894 2497 999 2561 pauca
1031 2483 1107 2543 suut
1139 2498 1210 2562 quae

119 2584 259 2651 derivata
294 2584 359 2650 siut
395 2580 622 2648 existimanda:
666 2583 748 2664 Aea
769 2575 955 2666 ἀγανόρειος
990 2609 1075 2671 pers.
1117 2591 1208 2670 1098,

120 2689 352 2780 προσιατήριος
374 2693 416 2757 al.
439 2713 488 2773 ag.
513 2697 585 2756 976.

199 2801 241 2868 P:
264 2794 444 2884 ἀμβρόσιος
465 2801 497 2868 h.
519 2823 602 2867 nem.
628 2801 729 2883 VIII,
755 2807 782 2870 l.

199 2911 239 2978 Iu
255 2911 402 2977 omuibus
418 2932 489 2994 quae
505 2912 689 2978 enumeravi
705 2915 890 2998 compositis
905 2915 938 2980 in
954 2938 1022 2992 -ιος
1032 2917 1123 3002 prior
1133 2938 1210 3002 pars

121 3045 175 3109 per
193 3023 312 3106 seipsa
333 3021 520 3087 adverbium
536 3027 586 3086 est
606 3023 763 3106 (exeeptis
785 3018 976 3104 βαθυχδιος,
999 3022 1210 3110 πανάθλιος).

200 3131 374 3218 Adjeativa
405 3132 438 3196 in
466 3151 534 3206 -ιος
560 3133 685 3212 generis
707 3132 944 3200 determinatim
966 3152 1064 3218 quum
1087 3132 1208 3200 Aesoh.

122 3265 180 3309 non
210 3263 314 3329 pauoa
346 3245 461 3326 (supra
492 3242 547 3326 90)
572 3240 711 3323 finxerit,
734 3249 848 3309 eontra
870 3242 1032 3309 Pindarus
1054 3244 1208 3329 majorem

122 3359 239 3436 partem
261 3351 302 3418 ab
324 3351 395 3418 aliis
418 3351 630 3438 scriptoribus
652 3353 798 3436 sumpsit.

198 3461 361 3530 Homerus
383 3462 452 3528 haec
474 3461 571 3528 habet
591 3462 750 3546 exempla:
774 3455 926 3541 ἀναίτιος,
949 3456 1107 3542 ἀντάξιος,
1123 3459 1210 3527 ἐναν-

122 3568 192 3650 τίος,
213 3565 325 3664 ἔνδιος,
347 3566 492 3650 civil-cog,
515 3567 662 3652 ἐννύχιος,
684 3567 869 3655 ἐναλίγκιος,
892 3567 1039 3651 ἐνδόξους,
1059 3567 1209 3654 ἐναίσιος,

124 3676 265 3762 ἐξαίσιος,
298 3675 478 3767 ἐπιδήμιος,
504 3676 704 3760 ἐπιχθόνιος,
731 3675 930 3763 ἐπουράνιος,
954 3675 1112 3760 ἐπαίτιος,
1135 3676 1210 3743 ἐπι-

124 3785 228 3871 δέξιος,
251 3783 468 3871 κατακαίριος,
489 3785 695 3875 μεταδήμιος,
710 3785 833 3876 νήπιος,
848 3783 1049 3873 ὑπουράνιος,
1065 3785 1209 3876 διιοοῖος,

126 3895 339 3982 παλιρρόθιος,
362 3892 538 3978 πανόλβιος
558 3937 600 3946 -
621 3893 830 3984 ίππηλάσιος,
854 3891 1042 3976 θεσπέσιος.

199 4134 219 4202 ¹)
236 4131 408 4188 Substantivi
426 4131 531 4188 vioibus
548 4131 683 4205 iungitur.
