3094 4786
647 1206 648 1209 κ
700 1131 738 1230 1.

394 1342 649 1480 Composita
689 1341 1049 1526 determinativa:

259 1561 335 1628 Hoo
362 1568 411 1628 est
431 1563 529 1644 igitur
551 1561 719 1646 proprium
741 1563 837 1646 primi
858 1562 944 1630 illius
965 1563 1092 1644 generis
1114 1564 1270 1647 composi·

175 1681 292 1753 torum,
325 1679 363 1738 ut
389 1671 493 1738 altera
517 1693 595 1756 pars
616 1673 749 1738 alterius
770 1673 932 1740 notionem
954 1673 1046 1754 quasi
1068 1671 1269 1755 determinet,

176 1804 240 1866 qua
271 1789 380 1848 tamen
412 1781 598 1848 definitione
620 1803 640 1848 a
661 1781 884 1866 dependentiae
917 1780 1012 1848 modo
1045 1803 1172 1864 genere,
1205 1804 1271 1852 uon

174 1895 272 1958 etiam
294 1914 315 1958 a
335 1913 452 1974 genere
473 1893 651 1976 possessivo
673 1891 791 1958 differt.
829 1891 917 1958 Nam
938 1891 996 1956 illa
1015 1891 1271 1974 determinativa,

174 2009 211 2068 ut
233 2003 335 2086 ajunt,
360 2003 446 2066 inter
467 2008 577 2085 partes
598 2003 682 2068 ratio
705 2003 816 2084 generi
837 2001 1082 2070 determinative
1105 2021 1178 2068 eum
1200 2023 1272 2085 pos·

175 2113 293 2178 sessivo
325 2113 502 2176 eommunis
534 2119 592 2178 est.
638 2111 703 2178 Sed
725 2118 833 2178 tomen
855 2133 1007 2194 magnum
1029 2099 1078 2176 est
1099 2110 1271 2178 discrimen

174 2223 260 2288 inter
282 2221 351 2286 haeo
373 2219 438 2286 duo
454 2223 704 2306 compositorum
723 2243 852 2304 genera.
890 2220 923 2286 N
926 2243 978 2289 am
994 2242 1094 2305 quum
1108 2219 1151 2286 ad
1167 2220 1272 2288 deter-

175 2331 363 2398 minativum
390 2351 490 2412 genus
518 2330 736 2398 definiendum
758 2330 899 2397 sufficiat
919 2353 1000 2414 eam,
1024 2351 1096 2414 quae
1118 2336 1168 2396 est
1187 2331 1272 2396 inter

176 2447 295 2526 partes,
308 2441 466 2506 rationem
482 2445 639 2524 spectare,
654 2442 834 2525 possessiva
848 2443 1025 2525 composita
1039 2439 1273 2525 appellationes

176 2557 252 2617 sunt
284 2550 373 2616 tertii
406 2549 583 2634 eujusdam,
617 2549 704 2633 quod
735 2555 846 2634 partes
873 2551 1111 2634 compositionis
1132 2551 1217 2616 inter
1239 2571 1272 2616 se

177 2659 351 2726 attributas
373 2659 646 2746 complectitur¹).
685 2659 766 2744 Quae
788 2680 886 2743 quum
908 2661 955 2726 ita
976 2661 1049 2742 sint,
1064 2665 1173 2726 tamen
1188 2660 1273 2726 inter

177 2769 304 2852 singula
325 2769 577 2852 compositorum
599 2790 720 2852 genera
740 2769 796 2834 ubi
817 2771 948 2836 termini
962 2768 1104 2854 ponendi
1118 2769 1192 2852 sint,
1208 2789 1274 2836 non

177 2881 256 2946 satis
288 2883 425 2945 constat.
468 2877 582 2960 Atque
615 2879 753 2944 maxime
780 2899 801 2944 a
826 2886 919 2963 parte
942 2879 1028 2946 illius
1050 2878 1274 2964 dependentia
1326 2884 1328 2889 ’

177 2989 429 3073 compositorum
444 2988 571 3069 generis
586 3008 686 3070 genus
702 2987 983 3056 determinativum
998 2988 1115 3072 quibus
1129 2989 1274 3056 terminis

178 3097 425 3164 describendum
447 3098 497 3179 sit,
520 3097 607 3164 inter
628 3096 741 3164 doctos
763 3104 813 3164 est
833 3097 999 3164 dissensio.

264 3206 411 3293 Quorum
438 3207 528 3290 prior
560 3227 638 3292 pars
659 3208 911 3291 compositorum
932 3208 1079 3290 genetivo
1100 3207 1276 3292 respondet

179 3339 219 3384 en
236 3318 271 3382 in
285 3337 456 3384 numerum
472 3311 696 3400 dependentiae
712 3318 961 3401 compositorum
978 3317 1081 3384 refert
1095 3317 1228 3384 Curtius
1236 3317 1275 3402 ²),

179 3419 276 3512 duem
308 3426 363 3492 alii
388 3430 577 3509 sequuntur.
622 3425 664 3490 In
691 3426 777 3510 quod
799 3426 1028 3492 animadvertit
1051 3426 1180 3512 Meyer:
1207 3425 1277 3492 ”eia

177 3537 311 3620 peretto.
322 3536 437 3619 inquit,
449 3535 587 3599 stetten
597 3535 666 3600 dem
678 3556 799 3614 nomen,
815 3535 875 3635 odis
886 3557 920 3602 er
931 3536 1099 3615 destinam,
1110 3538 1144 3601 in
1155 3536 1275 3602 keinem

179 3644 363 3712 wesentlirh
377 3643 500 3710 andern
515 3643 702 3724 veteranis,
723 3645 776 3710 als
791 3647 842 3711 ein
857 3645 1062 3712 attributione
1076 3645 1229 3729 adjectiva
1238 3646 1275 3730 ⁸).

265 3881 287 3950 ¹)
305 3879 352 3934 cfr
369 3877 480 3933 Curtius
498 3879 606 3936 Eridut.
624 3897 649 3950 p.
672 3883 717 3936 151
737 3897 805 3950 sqq.,
826 3882 922 3952 Meyer
938 3899 986 3936 eun
1002 3899 1044 3952 gr.
1062 3882 1276 3949 nominaleomp.

181 3979 208 4033 p·
229 3965 290 4114 25ίὶ))
307 4049 414 4104 Erliut.
432 4065 461 4119 p.
480 4051 540 4106 154.

266 4137 290 4201 ⁸>
308 4137 365 4192 Zur
382 4151 426 4206 gr.
442 4137 657 4207 nominaleomp.
674 4153 703 4206 p.
720 4139 780 4192 250.
