3144 4788
696 311 755 374 127

260 481 328 548 ΙΠ.
373 481 452 546 dam
484 485 688 545 transcamus
719 475 761 542 ad
793 497 833 543 ea
865 477 1055 561 exponenda
1084 481 1269 562 composita,

176 629 313 693 quorum
336 591 459 674 altero
484 608 574 692 pars
601 591 656 670 cst
683 588 796 690 stirps
823 587 987 670 verbalis
1013 609 1093 690 qun
1111 589 1270 672 alteram

176 723 295 820 rugat.
342 733 415 818 Qua
436 735 468 797 iu
492 755 528 798 re
551 731 615 797 duo
638 737 712 795 sunt
734 751 854 812 genera
876 730 1109 812 distinguenda.

263 902 290 960 1.
335 895 444 960 Unum
478 899 527 958 est
559 913 679 974 eorum,
714 913 851 974 quorum
885 891 985 975 prior·
1010 909 1095 976 pars
1121 895 1272 980 posteri·

176 1022 276 1070 orem
300 1005 404 1086 regit.
1192 1031 1194 1034 -

261 1142 309 1208 Ut
330 1162 369 1206 ea
390 1161 461 1222 quae
485 1160 583 1222 supra
605 1141 737 1223 exposui
753 1138 975 1224 dependentia
991 1141 1169 1224 composita
1183 1141 1273 1230 dubi·

140 1237 142 1241 ’
175 1260 280 1318 tatum
302 1257 351 1316 est
371 1272 412 1315 an
435 1249 531 1314 aliter
553 1227 659 1314 essent
680 1248 935 1332 interpretanda,
956 1251 1003 1314 ita
1025 1271 1065 1315 ne
1087 1249 1183 1334 hujus
1205 1253 1273 1334 qni·

176 1362 250 1426 dem
282 1360 408 1442 generis
436 1359 686 1442 compositorum
718 1360 803 1426 inter
835 1365 945 1442 partes
972 1380 1044 1441 qua
1070 1361 1154 1426 ratio
1176 1362 1273 1427 inter·

176 1471 273 1538 cedat
303 1471 380 1534 satis
413 1475 540 1534 constat
571 1469 656 1534 inter
689 1469 773 1534 viros
801 1468 922 1536 doctos.
966 1467 1079 1552 Atque
1101 1471 1187 1536 inter
1207 1492 1272 1553 eos,

177 1581 232 1664 qui
265 1579 436 1659 verbalem,
471 1585 507 1644 ut
539 1577 641 1662 ajunt,
667 1579 826 1646 rationem
852 1577 1075 1660 defenderunt,
1099 1579 1274 1646 Olemmius

177 1697 252 1756 ante
286 1695 410 1754 ceteros
444 1689 477 1753 in
509 1687 559 1752 his
585 1688 768 1772 compositis
790 1687 971 1770 quaerendis
993 1695 1026 1752 et
1047 1689 1274 1772 investigandis

135 1845 139 1857 .
177 1804 323 1872 versatus
345 1804 395 1862 est
408 1800 444 1881 ¹).
479 1797 563 1864 Sunt
583 1804 691 1863 autem
713 1797 768 1861 alii
790 1798 844 1880 qui
867 1799 1008 1882 priorem
1027 1805 1154 1882 partem
1175 1801 1274 1864 nomi·

179 1909 286 1975 nalem
319 1929 387 1972 esse
420 1907 632 1990 defenderint,
660 1906 700 1972 de
728 1927 793 1990 qua
819 1929 855 1972 re
877 1907 1030 1992 Meyerus
1051 1915 1126 1975 ante
1148 1915 1274 1976 ceteros

178 2019 306 2102 copiose
328 2017 504 2101 disputavit
516 2019 545 2101 ²)

265 2127 355 2212 Quas
388 2129 474 2192 inter
496 2129 671 2192 sententias
693 2128 872 2193 contrarias
894 2129 986 2210 quasi
1008 2128 1200 2193 intercessor
1222 2151 1275 2193 ex·

180 2239 262 2304 stitit
278 2218 464 2304 ¹Osthoffius
480 2238 518 2322 3).
564 2236 677 2304 Credit
698 2238 781 2302 enim
805 2238 857 2302 hie
878 2239 927 2302 vir
949 2237 1152 2302 doctissimus
1174 2259 1213 2303 ea
1234 2238 1274 2304 de

180 2347 295 2432 quibus
328 2347 434 2428 agitur
467 2347 645 2431 composita
676 2347 750 2411 inde
778 2347 819 2411 ab
846 2348 883 2411 iis
906 2347 1113 2430 temporibus,
1137 2367 1274 2430 quorum

180 2462 387 2522 monumenta
418 2457 534 2537 linguae
567 2463 703 2538 exstant,
737 2479 758 2521 a
791 2457 915 2523 Graeeis
948 2457 1025 2539 ipsis
1057 2457 1218 2522 verbalem
1241 2459 1274 2522 in

180 2568 309 2633 modum
332 2566 498 2632 intellecta
512 2587 580 2632 esse
590 2569 628 2650 ⁴).
666 2566 762 2650 Quod
777 2573 886 2632 tamen
901 2586 939 2631 eo
956 2568 1076 2632 factum
1093 2587 1171 2648 esse,
1188 2565 1275 2650 quod

181 2679 264 2744 ratio
296 2677 475 2760 composita
506 2675 706 2757 intelligendi
737 2681 927 2757 mutaretur,
962 2677 1010 2742 ita
1036 2683 1073 2742 ut
1092 2675 1126 2742 id
1148 2698 1274 2760 nomen,

181 2789 268 2870 quod
296 2789 415 2852 inesset
441 2786 550 2871 priore
572 2787 604 2850 in
627 2793 729 2868 parte,
753 2786 794 2852 ob
816 2785 1054 2851 similitudinem
1077 2787 1185 2872 stirpis
1208 2809 1277 2852 ver-

181 2897 262 2962 balis
295 2896 457 2962 verbalem
490 2897 522 2960 in
556 2895 686 2961 modum
720 2897 832 2962 sentiri
864 2897 1029 2979 inciperet.
1075 2895 1201 2962 Deinde
1233 2895 1276 2962 ad

180 3006 420 3072 similitudinem
443 3005 571 3070 illorum
593 3007 852 3089 compositorum,
875 3007 908 3070 in
931 3005 1047 3088 quibus
1068 3007 1158 3090 prius
1180 3027 1276 3078 mem·

181 3115 275 3182 brum
297 3138 315 3180 e
337 3117 464 3182 nomine
487 3114 619 3181 verbum
634 3116 755 3180 iactum
777 3122 870 3197 esset,
899 3114 1043 3181 verbales
1065 3117 1181 3199 stirpes
1203 3135 1276 3200 par-

181 3233 244 3292 tem
268 3227 432 3291 nominum
455 3225 555 3306 magis
577 3225 740 3308 magisque
761 3245 944 3308 occupasse.
982 3225 1104 3290 Tamen
1120 3227 1187 3310 ipse
1203 3246 1277 3291 con·

182 3335 268 3400 cedit
289 3335 597 3416 argumentationem
621 3353 712 3399 suam
734 3355 803 3398 esse
831 3333 898 3398 ”eia
921 3334 1043 3400 blosscr
1064 3335 1276 3400 wcbrs'clveia-

183 3444 485 3517 lichteitsbeweis⁸).
521 3446 633 3526 Atque
656 3465 851 3526 quamquam
873 3444 906 3508 in
928 3443 1060 3509 dubium
1083 3447 1191 3511 vocari
1212 3467 1277 3511 non

268 3614 290 3676 ¹)
310 3611 364 3664 ”De
381 3612 541 3680 compositis
559 3611 656 3681 graecis
675 3628 736 3680 qnae
754 3629 770 3664 a
788 3610 879 3666 verbis
897 3611 1059 3680 incipiunt'‘;
1079 3611 1129 3666 Die
1147 3618 1277 3668 neueeten

182 3695 296 3750 Forsch.
317 3712 345 3764 p.
363 3697 472 3750 38-67.

265 3781 289 3850 ²)
307 3780 434 3850 Beitrige
459 3798 507 3834 zur
535 3780 841 3850 siammbildungalehre
866 3781 916 3835 des
942 3781 1133 3852 griechischen
1159 3782 1216 3836 und
1238 3783 1277 3836 la·

181 3865 342 3920 teinischen.

267 3953 291 4015 ³)
308 3949 364 4004 Das
383 3949 495 4004 verbnm
514 3949 543 4004 in
560 3949 610 4004 der
626 3949 941 4018 nominalcompcsition,
957 3966 986 4018 p.
1005 3952 1149 4007 rev—noc.

267 4037 289 4103 ⁴)
307 4035 336 4089 P.
356 4037 413 4101 163,
431 4036 491 4102 164,
511 4035 570 4090 176.

268 4123 292 4186 ⁵)
309 4119 339 4174 P.
358 4120 415 4174 140.
