3094 4786
687 339 727 400 53

155 495 285 586 ὕστατος
318 504 348 567 h.
378 523 459 568 nem.
482 503 511 584 I,
538 506 579 568 47
601 499 761 588 (μελέων),
784 496 934 590 dardanos
950 506 980 570 h.
1003 511 1070 590 pyt.
1093 506 1155 589 IV,
1179 512 1250 590 291,

155 605 299 696 ἄφυκτος
331 613 372 678 al.
406 612 489 678 istm.
513 613 594 695 VH,
624 617 663 678 65
691 607 797 698 (χερί),
820 609 977 696 δύσβατος
999 615 1040 681 al.
1063 637 1145 684 nem.
1169 615 1250 700 VII,

155 727 197 786 97
230 715 450 807 (ἀμαχανιᾶν),
487 716 673 803 ἔμπροκτος
709 729 753 807 pt
791 731 857 809 pyt.
891 725 959 807 III,
997 730 1037 791 62
1069 721 1251 812 (μαχανάν),

154 825 347 917 marmorario
367 840 433 916 pyt.
455 833 543 915 XII,
568 837 617 896 30.
750 891 753 896 ,
1084 889 1088 902 .
1180 875 1192 898 ,ι

242 942 336 1008 Licet
353 943 462 1007 ridere
485 925 683 1028 Aeschylum
705 945 801 1028 hujus
822 945 947 1026 generis
968 944 1042 1029 (βό)
1062 947 1253 1030 composito·

153 1053 317 1136 sumplus
335 1059 373 1117 70
395 1073 486 1117 usum
502 1073 580 1134 esse,
595 1075 614 1117 o
631 1075 694 1136 qno
713 1075 846 1120 numero
861 1077 960 1139 supra
975 1059 1016 1122 50
1030 1057 1098 1140 ipse
1114 1056 1250 1122 novavit

153 1163 320 1230 Pindarus
352 1163 394 1228 ad
429 1167 468 1228 30
508 1162 664 1245 adhibuit,
704 1185 840 1246 quorum
875 1172 984 1232 tamen
1020 1165 1121 1232 multo
1156 1164 1252 1248 plura

155 1296 197 1338 ex
229 1279 322 1357 parte
355 1273 397 1338 ah
430 1273 575 1338 Homero
607 1275 754 1357 sumpsit5
784 1297 823 1339 ex
856 1281 949 1358 parte
975 1276 1157 1342 communia
1178 1295 1251 1340 oum

155 1383 321 1468 Aeschylo
344 1381 450 1449 habet.

241 1493 417 1576 Sophocles
449 1515 576 1576 quoque
610 1494 705 1578 hujus
737 1496 863 1575 generis
895 1497 1074 1578 composita
1099 1493 1193 1561 finxit
1217 1501 1251 1561 et

155 1602 285 1686 quidem
318 1604 433 1688 sapius
465 1605 520 1685 ita,
555 1610 591 1668 ut
622 1605 731 1687 priore
766 1605 800 1668 in
835 1609 938 1686 partov
966 1605 1021 1680 δος
1056 1605 1249 1689 particulam

154 1719 303 1796 poneret:
338 1706 547 1792 όποτίδοτος,
575 1707 814 1793 κστόμεμπτος,
842 1709 1110 1794 δοσδερόπεοτος,
1131 1709 1250 1777 δυσκά-

156 1828 289 1903 θαρτος,
313 1816 485 1896 δόσνιπτος
500 1821 564 1893 (cfr
586 1815 744 1903 ἄνιπτος),
768 1817 1017 1902 δοσπρόσοπτος
1036 1823 1102 1897 (cfr
1124 1815 1251 1904 ἀπροσ-

156 1925 298 2012 όρατος),
332 1926 588 2011 δυσπρόσοιστος
620 1931 683 2006 (cfr
705 1924 934 2013 ἀπρόσοιστος
958 1927 1149 2014 δόσοιστος),
1175 1931 1250 1996 δοσ-

157 2034 318 2120 κόμιστος,
342 2033 555 2122 δυσλόγιστος,
579 2037 773 2122 δοσέριστος,
796 2038 1025 2118 δοσπέλοστος.
1194 2032 1196 2035 ’

241 2231 286 2290 νγ.
330 2208 415 2272 Pars
442 2210 604 2289 posterior
636 2207 766 2272 debendi
793 2209 841 2274 vet
854 2198 1066 2280 'necessitatis
1087 2209 1250 2294 προδότο-

157 2319 272 2383 tionem
294 2317 398 2382 habet.
491 2315 493 2322 ’
676 2306 679 2315 ’
869 2315 872 2322 '
1169 2297 1172 2307 ¹

242 2453 275 2520 A
308 2452 477 2537 potentiali
510 2453 743 2534 significatione
772 2453 820 2521 ad
837 2453 974 2538 debendi
994 2460 1093 2538 atque
1114 2455 1249 2524 necessi-

155 2565 233 2632 tatis
265 2565 329 2628 vim
359 2564 427 2628 sine
460 2585 577 2646 magna
608 2563 799 2630 difficultate
825 2566 999 2632 transitum
1025 2569 1083 2645 est,
1101 2563 1142 2646 id
1163 2563 1249 2647 quod

153 2674 221 2758 jam
245 2671 331 2756 apud
353 2672 534 2741 Homerum
557 2695 594 2740 eo
617 2673 742 2740 facilius
764 2673 834 2744 fieri
856 2676 970 2758 potuit,
988 2673 1074 2758 quod
1089 2673 1249 2758 adjectiva

157 2782 299 2848 verbalia
309 2783 342 2846 in
355 2779 443 2858 -τέος
454 2781 595 2853 nondum
607 2789 679 2850 orta
690 2790 797 2851 eraut:
814 2776 938 2863 ἄδοτός,
951 2776 1249 2868 catalaunicos,

157 2892 259 2976 δῶρα)
271 2891 313 2948 :2
324 2884 525 2976 ἀποβλητέος
546 2891 671 2976 (Flet).
705 2893 805 2976 Oujus
827 2895 859 2958 in
875 2891 961 2968 -τέος
975 2893 1087 2960 formae
1102 2893 1250 2976 exempla

157 3001 244 3086 apud
276 3001 474 3086 Aeschylum
507 3023 634 3086 quoque
667 3009 701 3068 et
732 3003 910 3077 Pindarum
935 3023 1101 3088 perpauca
1122 3009 1198 3069 suut
1212 3007 1248 3078 ¹).

157 3113 269 3196 Atque
292 3113 469 3196 composita
490 3110 618 3194 quidem
640 3113 782 3181 verbalia
802 3115 836 3178 in
858 3110 948 3188 -τέος
969 3111 1131 3180 Pindarus
1150 3111 1249 3196 nulla,
1359 3169 1363 3176 .

157 3219 339 3306 Aeschylus
376 3243 475 3288 uuum
510 3220 622 3288 habet:
665 3221 912 3304 συγκαλυπτέος,
935 3246 984 3308 pr.
1022 3227 1083 3290 523
1119 3217 1248 3305 (λόγος).

157 3331 212 3396 Ita
243 3331 364 3398 lactum
397 3337 455 3412 est,
478 3338 515 3396 ut
540 3331 619 3398 talia
644 3332 753 3414 qualia
774 3339 849 3400 sunt
870 3327 1008 3410 ἄοποος,
1029 3325 1209 3414 δμέγορτος
1229 3353 1250 3400 a

157 3440 387 3522 significatione
420 3443 475 3528 qui
502 3441 588 3506 odiri
600 3462 676 3531 ,οοο
693 3446 810 3524 potest,
833 3445 885 3508 out
907 3443 1040 3517 invideri
1061 3462 1126 3506 νοιι
1140 3447 1249 3526 potest

156 3551 334 3616 transirent
365 3549 407 3616 ad
434 3550 697 3636 significationem
720 3573 810 3634 quem
832 3536 931 3629 adire,
954 3553 1006 3618 cci
1027 3553 1170 3620 invidero
1186 3571 1249 3618 οοο

157 3665 281 3742 oportet
302 3659 418 3745 (licet),
440 3661 489 3733 cir
504 3661 538 3726 in
552 3661 653 3729 latino
669 3659 815 3747 sermone
831 3663 1016 3731 inaccessus
1027 3662 1151 3744 (lacus)
1163 3692 1203 3733 =.
1215 3661 1249 3727 ι’νι

157 3789 249 3856 quem
279 3770 424 3837 accedas
456 3791 518 3838 νοιι
553 3771 634 3838 licet.
678 3771 744 3843 Sed
769 3778 878 3858 tamen
891 3843 893 3850 ,
906 3771 1047 3857 etapud
1066 3771 1248 3848 Homerum

158 3884 191 3944 et
211 3879 298 3963 apud
319 3879 498 3946 Pindarum
513 3902 590 3948 rara
604 3887 653 3947 est
667 3881 737 3964 hac
752 3882 1006 3971 compositorum,
1018 3881 1249 3968 adjectivorum

160 4043 360 4054 t———-—-—-

242 4134 265 4198 ¹)
282 4131 328 4186 Ofr
344 4131 399 4187 Das
416 4130 451 4187 V.
469 4131 507 4202 11,
525 4133 576 4188 355
593 4147 652 4203 sqq.
