3144 4788
698 352 757 413 129

177 523 284 584 essent
314 511 507 601 (Ἀγό-λαος,
542 512 717 598 αἰρχό-λαος
749 517 834 582 unde
868 523 941 583 orta
973 518 1072 601 essm)
1109 510 1269 599 Ἀγόλαος,

177 621 335 709 όρχέλαος
349 629 385 712 ι).
430 627 542 710 Atque
569 628 659 711 prior
672 649 762 716 *pars
782 648 841 694 our
862 648 922 710 pro
944 627 1047 692 voeali
1068 648 1087 689 o
1108 648 1173 693 non
1195 643 1272 696 raro

178 759 249 804 eam
272 759 344 821 quae
366 742 416 802 est
437 758 452 799 ε
474 737 595 802 babeat
614 737 827 818 interroganti
849 735 1032 820 respondet,
1054 743 1092 804 ut
1114 760 1131 801 ο
1153 738 1272 804 voculis

178 847 221 914 ad
243 868 358 913 nomen
385 847 508 928 agentis
536 846 780 930 significandum
802 845 1021 930 adhiberetur,
1042 848 1090 914 ita
1110 847 1272 914 verbalem

178 958 269 1023 illam
290 959 447 1024 rationem
470 957 705 1040 interpretandi
727 958 870 1023 vocalem
893 979 917 1038 ε,
941 979 1006 1042 qua
1026 943 1271 1040 significaretur,

178 1069 395 1151 requisivisse:
423 1067 508 1133 ”was
534 1069 594 1132 ιαίν
615 1067 723 1133 verbol
735 1066 864 1149 fiiblen,
886 1067 950 1132 soll
971 1067 1053 1133 ααολ
1075 1067 1274 1133 entsobieoleu

178 1179 305 1244 verbale
330 1177 452 1261 yestult
477 1175 596 1241 babeu⁷’
610 1181 647 1263 ²).
692 1179 776 1244 Eam
802 1185 910 1244 autem
931 1177 1075 1244 vocalem
1097 1191 1169 1262 quae
1191 1184 1275 1244 esset

180 1312 192 1351 ι
215 1289 256 1354 ab
277 1291 390 1356 aoristi
412 1289 565 1374 stirpibus
586 1289 627 1354 in'
644 1309 692 1351 -σι
714 1295 755 1353 et·
768 1290 810 1353 ad
832 1291 1007 1372 praesentia
1028 1289 1176 1372 (propter
1191 1289 1274 1354 simi·

179 1399 348 1466 litudinem
371 1390 487 1482 εόρρξι,
510 1397 621 1476 διιοξι-
642 1437 684 1445 -
705 1389 804 1476 dege,
826 1390 934 1478 ἅλεξι-
949 1439 986 1449 -
1004 1407 1130 1480 τερπι-,Ᾰ
1146 1399 1275 1483 narde-l

180 1510 276 1576 etad
299 1511 452 1575 aoristum
474 1507 650 1574 seeundum
675 1506 786 1593 (λησι-,
810 1505 917 1587 λαοι-,
940 1502 1090 1595 diruere)
1110 1509 1274 1575 transiisse

181 1621 323 1704 (confert
344 1610 432 1696 εἶπα,
453 1611 580 1706 ἤνεγκα)
593 1619 629 1701 ³).
760 1653 763 1660 ·

266 1729 410 1796 Transeo
438 1727 480 1794 ad
507 1749 546 1793 ea
573 1727 792 1794 enumeranda
819 1749 890 1812 quae
911 1729 999 1813 apud
1020 1729 1219 1814 Aeschylum
1242 1735 1276 1795 et

181 1839 361 1908 Pindarum
383 1840 601 1904 inveniuntur:
667 1895 671 1902 .

266 2064 295 2107 a.
340 2039 425 2106 Pars
442 2040 535 2122 prior
550 2059 613 2120 ρον
635 2058 804 2104 consonam
826 2040 904 2138 σοι’(

267 2194 334 2258 Ae:
357 2183 558 2272 όστεργόνιορ
579 2211 629 2273 pr.
652 2194 714 2254 898
735 2185 955 2275 (παρθενίαν),
976 2187 1126 2275 ἕλανδρος
1147 2215 1197 2276 ag.
1214 2197 1274 2259 689

182 2303 238 2390 (de
259 2301 411 2384 Helena),
433 2295 582 2384 μενὲγχφς
603 2305 649 2383 pt
670 2300 710 2365 fr.
725 2302 787 2364 449
810 2301 922 2383 (μ-εας
942 2293 1084 2387 ἄνδρας),
1106 2297 1275 2388 ποιθοίνωρ

183 2435 233 2496 ag.
259 2417 339 2479 1639
361 2407 508 2495 (πῶλον),
531 2406 714 2488 νιέίοαρχος
735 2430 819 2493 pers.
843 2413 905 2476 374
919 2403 1049 2496 (φρενί),
1071 2408 1241 2494 ποιμάνωρ
1249 2415 1277 2499 ¹)

183 2546 268 2610 pers·
302 2525 372 2601 241,
407 2512 567 2600 σταγόνιορ
599 2540 648 2602 pr.
684 2523 745 2584 724
776 2512 972 2604 (Ἀμαζόνων
997 2519 1134 2604 στρατὸν
1155 2523 1276 2607 σ-ορα),

186 2631 349 2722 φίρασπις
370 2629 401 2693 h.
424 2648 474 2709 ag.
496 2615 560 2692 '694
581 2623 745 2712 (κονανοί),
767 2650 851 2712 pers.
875 2633 936 2694 240
951 2625 1085 2715 (σαγαί),
1108 2613 1279 2716 φερέγγυος

186 2743 226 2810 al:
248 2747 329 2825 sept.
353 2743 423 2819 396,
446 2731 638 2823 φιλαιακιός
658 2759 728 2821 sup.
751 2743 813 2802 803
835 2739 954 2823 (φ-τῶν
968 2741 996 2824 ⁵)
1017 2741 1145 2824 κακῶν),
1168 2735 1278 2826 φιλαί-

185 2875 287 2933 ματος
319 2849 360 2915 al.
388 2851 468 2931 sept.
495 2850 537 2911 45
565 2841 713 2931 (Φόβον),
737 2841 899 2933 φιλαίτιος
920 2848 961 2914 al.
984 2871 1053 2934 sup.
1076 2849 1138 2914 485
1160 2841 1278 2934 (λεώς),

186 2957 358 3049 φίλανδρος
390 2957 431 3024 al.
465 2961 545 3040 sept.
579 2959 638 3020 901
666 2951 804 3040 (πέδον),
834 2951 1070 3044 φιλάνθρωπος
1091 2958 1131 3024 al.
1154 2981 1203 3042 pr.
1228 2963 1277 3042 11,

187 3075 227 3136 28
259 3065 419 3154 (ιρόπαα),
453 3059 596 3154 φιλόνιορ
621 3087 705 3149 pers.
734 3070 793 3130 136
816 3062 956 3152 (πόθῳ),
977 3089 1027 3150 ag.
1050 3070 1109 3133 411
1133 3063 1278 3154 (στίβοι),

187 3185 248 3248 856
271 3173 447 3264 (τρόπους),
480 3167 624 3261 φιλὴνιος
644 3198 693 3259 pr.
716 3178 778 3239 465
800 3173 961 3260 (ἵππους),
995 3170 1186 3262 φιλόόορτος
1208 3199 1278 3262 sup.

187 3295 227 3354 69
260 3290 355 3376 (φ-ος
384 3279 551 3350 Ἰαονίοισι
582 3278 733 3368 νόμοισι),
765 3277 931 3369 φίλοικτος
963 3291 1008 3369 pt.
1042 3307 1091 3368 ag.
1118 3289 1180 3354 940
1205 3280 1279 3371 (ἀπ’

187 3393 333 3480 όμματος
353 3394 438 3479 βέλει
454 3397 549 3483 φ-φ),
564 3390 708 3479 φίλορνις
721 3401 767 3478 pt.
783 3413 865 3460 eum.
882 3398 922 3459 23
938 3389 1081 3481 (πέτρα),
1102 3392 1280 3484 φαγαίχμης

187 3515 233 3594 pt.
255 3527 339 3592 pers,
365 3509 445 3571 1025
468 3501 583 3588 (λαός).

190 3685 390 3700 ...η-...ι’

274 3811 297 3874 ¹)
314 3808 345 3863 P.
364 3808 422 3862 164.

274 3894 299 3957 ²)
316 3892 347 3947 P.
365 3891 425 3946 164.

274 3981 296 4042 ι)
314 3977 344 4031 Ρ.
363 3977 421 4042 199,
439 3975 498 4030 200.

275 4063 299 4125 ⁴)
317 4059 401 4114 Verbi
418 4059 496 4129 origo
513 4059 627 4114 obseura
644 4061 694 4114 est.

275 4147 297 4215 Ι)
314 4142 400 4199 Dind:
419 4144 584 4211 φιλοπόνων.
