3144 4788
824 291 884 352 128

301 461 410 544 potest
440 459 516 543 quin
550 457 707 542 anologio,
748 479 845 542 quem
879 457 999 541 dicunt,
1032 459 1064 524 in
1097 457 1281 543 hujusmodi
1312 481 1400 527 cem-

299 571 413 655 poflitis
444 569 602 652 fingendis
634 571 769 640 malurn
802 567 949 648 volucrit,
984 577 1091 639 enen
1117 547 1185 636 mori
1207 570 1305 636 credo
1327 593 1400 636 esse

300 702 359 747 eur
381 682 489 748 omnio
510 679 552 746 eb
573 679 686 746 codem
708 680 867 764 principio
889 685 963 746 ortu
984 701 1052 744 esse
1074 701 1271 748 censeamus.
1308 681 1399 755 Nem

301 811 360 856 cur
382 789 453 856 fieri
475 811 539 855 non
562 791 677 875 potuit,
700 796 737 855 ut
758 789 841 856 ratio
858 795 995 871 utreque
1010 788 1085 856 inde
1101 788 1143 854 ab
1157 792 1249 856 initio
1264 792 1398 875 voleret,

299 901 347 966 ite
370 905 407 966 ut
428 919 500 983 quae
521 899 693 984 posteriori
714 900 801 984 parti
823 901 931 984 aptior
952 906 1036 965 esset
1052 885 1104 965 'vis
1126 922 1166 967 ee
1186 903 1288 986 priori
1306 903 1399 969 attri-

301 1008 479 1076 bueretur?
511 1010 565 1075 Ac
591 1009 728 1076 verbalis
750 1011 833 1075 ratio
855 1011 882 1074 si
900 1009 967 1094 jam
991 1009 1177 1076 Homericis
1198 1013 1398 1096 temporibus

301 1120 411 1200 veluit,
434 1139 493 1185 our
514 1140 578 1186 non
600 1119 746 1203 putanda
767 1120 973 1186 est'voluisse
995 1125 1075 1201 tum,
1098 1139 1196 1204 quum
1218 1124 1399 1207 composite

302 1228 527 1296 necabantur?

384 1339 425 1405 In
446 1339 497 1404 his
518 1339 714 1424 exponendis
730 1341 914 1424 compositis
934 1361 1015 1422 eom,
1032 1361 1130 1424 quem
1146 1341 1320 1408 Olemmius
1343 1345 1393 1410 in·

300 1452 395 1532 venit
410 1455 608 1534 occeperunt
621 1449 686 1529 alii,
699 1448 911 1514 distribuendi
923 1451 1082 1516 rationem
1093 1471 1220 1534 sequar,
1237 1459 1274 1518 ut
1288 1454 1397 1519 omnic

301 1560 382 1626 dum
404 1561 438 1626 in
459 1566 569 1644 partes
591 1559 732 1626 tribuam
754 1559 805 1641 A)
826 1559 1000 1642 Asiqmotc
1021 1559 1065 1645 Β)
1089 1559 1274 1644 Sipmctien.

385 1719 429 1787 A.
473 1719 657 1806 Asiqmctn.

386 1857 427 1926 In
460 1857 556 1940 hujus
588 1856 714 1938 generis
747 1857 931 1940 compositis
963 1856 1118 1924 novandis
1148 1857 1229 1924 dues
1254 1861 1396 1928 rationes

302 1968 438 2034 voluisse
460 1965 639 2034 Osthoffius
671 1966 811 2050 probare
842 1972 986 2032 conetur.
1031 1965 1118 2034 Nem
1145 1989 1244 2036 uuam
1270 1975 1396 2054 portem

300 2078 410 2149 fictam
437 2097 506 2144 esse
533 2075 575 2140 ed
597 2075 837 2142 similitudinem
858 2077 1108 2160 possessivorum
1129 2098 1249 2158 eorum,
1272 2079 1306 2146 in
1328 2079 1396 2162 qui·

301 2187 361 2256 bus
393 2187 483 2271 prior
515 2205 592 2270 pers
618 2191 753 2270 propter
774 2207 864 2250 suam
886 2207 959 2254 cum
985 2187 1086 2271 stirpe
1107 2186 1230 2254 verbali
1251 2189 1395 2256 similitu·

301 2296 409 2371 dinem
430 2301 463 2360 et
484 2316 522 2360 eo
544 2295 624 2378 ipso,
647 2295 733 2380 quod
755 2295 838 2360 ratio
860 2298 1039 2378 possessive
1061 2295 1202 2380 quodam
1223 2297 1320 2363 modo
1337 2297 1395 2364 dif-

301 2405 393 2474 fieilis
414 2425 455 2472 uc
476 2425 540 2470 non
562 2404 640 2470 setis
662 2409 740 2488 apta
761 2411 846 2470 esset
860 2407 896 2490 ¹),
918 2427 1016 2489 prave
1032 2407 1266 2488 intelligeretur
1281 2415 1315 2474 et
1328 2430 1396 2474 ver·

300 2515 427 2595 naliter,
450 2519 486 2582 ut
506 2513 608 2598 ajunt,
632 2514 744 2580 sentiri
765 2515 933 2598 inciperet
968 2516 1063 2601 Quod
1085 2521 1122 2583 ut
1141 2517 1267 2600 probet,
1290 2540 1330 2584 eu
1350 2519 1397 2586 af·

300 2625 367 2692 fert
386 2623 573 2710 composita,
596 2644 734 2708 qnorum
755 2625 844 2708 prior
866 2646 942 2708 pars
964 2627 1006 2692 sit
1026 2620 1144 2704 ciete,
1167 2619 1281 2704 dare,
1302 2627 1396 2712 <prio

301 2758 404 2811 rore,
438 2725 549 2816 deire,
576 2754 656 2796 ono·
681 2733 724 2798 ed
745 2733 833 2800 illam
856 2755 876 2802 a
898 2736 1051 2802 nominali
1073 2737 1199 2802 ratione
1220 2743 1397 2819 transgres-

301 2845 422 2912 sionem
460 2841 662 2910 efficiendam
699 2844 864 2926 aptissimo
900 2843 997 2910 fuisse
1010 2847 1048 2929 ²).
1103 2845 1255 2912 Alteram
1287 2854 1395 2914 eutem

300 2959 428 3038 partem
460 2951 568 3018 fictam
601 2973 669 3018 esse
701 2951 744 3018 ad
770 2953 1010 3020 similitudinem
1038 2977 1159 3037 eornm,
1182 2977 1263 3039 quoe,
1287 2977 1396 3040 quem·

301 3083 398 3146 quam
420 3082 536 3128 nomen
558 3062 681 3144 agentis
703 3062 811 3147 priore
833 3063 865 3128 in
885 3070 978 3148 parte
994 3063 1161 3146 haberent,
1177 3070 1286 3132 temen
1301 3087 1396 3150 prop·

300 3177 350 3238 ter
372 3171 467 3255 hujus
489 3171 625 3238 nominis
652 3191 724 3238 cum
747 3173 848 3256 stirpe
870 3173 991 3240 verbali
1013 3173 1254 3242 similitudinem
1275 3173 1396 3242 verbali

301 3279 537 3366 interpretandi
559 3281 676 3346 rationi
698 3280 805 3348 locum
828 3281 985 3348 dederint.
1027 3283 1132 3368 Quam
1155 3283 1197 3350 ad
1219 3289 1396 3366 transgres-

301 3392 421 3459 sionem
444 3388 645 3456 efficiendum
667 3412 707 3456 ea
726 3396 805 3476 epte
819 3390 917 3458 fuisse
933 3393 1120 3476 compositu,
1136 3413 1272 3475 quorum
1287 3394 1395 3478 priore

300 3502 333 3566 iu
358 3505 452 3584 parte
479 3500 634 3564 inessent:
657 3493 801 3580 ἁμαρτο-
815 3502 852 3584 ³),
880 3523 988 3586 (pepo,
1010 3494 1124 3587 viltro,
1147 3501 1252 3580 inre,
1274 3525 1395 3586 oropo,

300 3631 404 3696 ‹poyo-
417 3612 455 3694 Ι).
499 3605 557 3672 Ad
589 3608 705 3676 horum
731 3609 970 3676 similitudinem
996 3610 1073 3676 fictu
1094 3633 1163 3677 esse
1184 3611 1264 3679 talia
1286 3612 1397 3696 qualia

302 3723 501 3730 ———.-.----1

387 3761 409 3828 ²)
426 3775 453 3828 r·
467 3760 526 3814 1⁵8·

385 3844 410 3908 ²)
426 3859 454 3912 p.
472 3845 615 3899 143-153.

385 3930 409 3992 ⁸)
427 3927 488 3982 idue
507 3931 600 3982 temen
616 3927 780 3996 adjectivum
803 3947 818 3984 n
840 3929 974 4000 principio
992 3931 1075 3986 fluisse
1092 3939 1198 3987 censet:
1217 3932 1395 4006 ἅμαρτοεηήςτ

299 4011 380 4067 ihren
396 4011 486 4066 ancer
503 4011 678 4081 refodienda
694 4020 779 4070 worte
796 4014 915 4070 tradend.

386 4098 410 4162 ⁴)
427 4111 455 4168 p.
475 4095 619 4154 lec—157.
