3094 4786
791 276 812 336 8

254 440 427 526 posteriori
448 461 513 506 non
535 445 687 506 contenta
708 440 798 524 prior
820 461 897 524 pars
918 459 1159 522 nonnumquam
1192 437 1354 524 “postulat

254 572 320 621 non
351 571 468 635 parere
500 549 558 616 sed
589 551 769 634 imperare“
804 569 1026 633 summumque
1052 547 1096 614 ad
1117 571 1152 616 se
1174 529 1353 616 trahit'im-

253 661 389 746 perium
438 660 556 744 Neque
588 661 654 726 utri
686 659 774 744 parti
805 659 909 744 major
941 659 1051 727 danda
1082 666 1168 726 esset
1199 664 1353 761 poteras,
1384 695 1387 702 ‚

253 791 382 856 semper
412 770 557 838 definivit
587 791 703 852 sermo,
732 770 810 852 quin
832 768 981 853 quaedam
1003 769 1138 836 libertas
1159 770 1194 834 in
1215 789 1255 834 ea
1276 768 1354 834 divi·

254 880 363 948 denda
383 880 476 948 nobis
498 881 577 948 data
597 881 667 946 sit·

340 990 577 1073 Transgredior
610 989 652 1054 ad
686 989 812 1072 singula
844 989 1165 1057 determinativorum
1198 989 1384 1072 composi,

255 1106 363 1168 torum
396 1121 515 1182 genera
541 1098 740 1184 exponenda,
764 1121 829 1183 qna
849 1101 883 1166 in
905 1121 940 1166 re
962 1101 1010 1166 ita
1030 1121 1134 1182 aqam,
1157 1105 1195 1165 ut
1215 1099 1355 1184 primum

256 1232 305 1293 ea,
327 1231 466 1294 quornm
486 1231 564 1295 pars
584 1210 745 1294 posterior
767 1216 817 1276 est
838 1230 955 1276 nomen
976 1210 1221 1292 substantivum,
1237 1207 1354 1274 deinde

256 1341 305 1402 ea,
334 1341 471 1404 quorum
492 1326 542 1386 est
562 1340 679 1386 nomen
701 1319 904 1404 adjectivum,
927 1325 997 1386 tum
1019 1341 1156 1404 quorum
1178 1325 1229 1386 est
1249 1318 1355 1404 adjec-

257 1430 357 1496 tivum
390 1429 519 1496 verbale
550 1430 683 1515 (nomen
704 1431 854 1514 agentis),
886 1431 921 1496 in
942 1430 1193 1516 disputationem
1214 1429 1354 1496 veniant.

462 1693 488 1776 1.
540 1691 634 1776 Pars
660 1695 842 1796 posterior
868 1695 1150 1779 substantivum.
1266 1723 1269 1726 ·

344 1876 389 1944 A.
433 1875 626 1944 Personam
650 1877 867 1961 significans.

290 2049 300 2067 ·
354 2051 384 2096 a.
429 2028 525 2095 Prior
540 2051 625 2112 pore
646 2032 681 2096 in
704 2051 783 2096 cosa
804 2033 998 2099 nominativo
1015 2035 1128 2114 posito
1150 2034 1319 2116 capitatur.

346 2165 426 2252 Quae
448 2167 482 2230 in
503 2167 565 2232 hoc
588 2190 722 2234 numero
744 2176 828 2252 sunt,
850 2171 944 2236 iniis
965 2172 1056 2254 prior
1077 2193 1153 2256 pars
1168 2171 1356 2238 attributive

260 2277 516 2362 (nonnumquam
537 2278 768 2365 praedicative),
791 2303 812 2346 n
848 2281 950 2365 ajunt,
972 2282 1151 2365 posteriore
1173 2302 1247 2348 cum
1262 2285 1357 2366 parte

180 2447 182 2456 .
261 2387 434 2472 conjuncta
455 2393 513 2454 est.

346 2496 388 2562 In
420 2496 546 2563 duobus
578 2504 704 2564 tantum
731 2501 915 2586 etquidem
938 2501 1025 2586 apud
1047 2501 1247 2586 Aeschylum
1268 2502 1358 2586 prior

261 2627 338 2691 pars
371 2612 420 2672 est
451 2607 699 2676 substantivum:
731 2602 912 2692 ἀνδρόπαις
934 2611 975 2676 al.
997 2615 1077 2694 sept.
1102 2614 1162 2675 533
1185 2603 1232 2696 (oi.
1256 2603 1358 2696 ἀνήρ),

262 2708 433 2795 ἀπόξενος
453 2737 523 2802 sup.
546 2721 616 2782 356.

347 2827 389 2892 In
411 2828 527 2892 ceteris
548 2829 638 2911 prior
659 2849 735 2913 pars
758 2836 807 2896 est
827 2830 1020 2916 adjectivum
1043 2831 1267 2915 (pronomen):
1292 2827 1360 2897 Ae:

263 2930 457 3018 ἐχθρόξενος
488 2936 529 3002 al.
552 2959 601 3022 pr.
627 2943 686 3003 727
720 2935 805 3024 (ε’-ος
830 2936 1045 3028 ναότανσιγ),
1078 2947 1159 3025 sept
1188 2945 1260 3022 606,
1288 2947 1359 3008 621.

263 3041 455 3128 κακόγγελος
475 3052 520 3130 pt.
543 3068 592 3130 ag.
617 3053 677 3114 636
700 3049 779 3133 (vt-qr
801 3045 952 3136 γλώσσῃ),
974 3044 1135 3130 μόναρχός
1156 3049 1197 3116 al.
1220 3072 1269 3134 pr.
1287 3055 1359 3132 324,

263 3148 484 3242 μονόφρουρος
516 3178 565 3238 ag.
594 3161 656 3222 257
679 3158 770 3242 (μ-ον
792 3154 908 3243 ἕρκος),
932 3152 1137 3239 οἰοβουκόλός
1158 3182 1227 3246 sup.
1252 3161 1360 3246 304²),

264 3259 458 3348 πριόταρχος
476 3288 526 3349 ag.
546 3272 627 3332 1192
649 3267 746 3352 (rr-oa
767 3260 868 3354 ἄτην),
892 3262 1068 3353 αἰνοπάτηρ
1091 3269 1141 3334 oh.
1159 3273 1218 3333 315
1241 3265 1361 3354 (πάτερ

263 3365 364 3459 ό-ερ),
397 3369 561 3456 ὶπντιόναξ
592 3399 676 3461 pers.
711 3383 781 3460 997,
812 3372 1056 3460 προβουλόπανς
1078 3399 1127 3460 ag.
1151 3383 1212 3443 386
1235 3378 1361 3463 (πειθώ

351 3581 375 3644 ¹)
393 3578 495 3634 Lexica
512 3581 739 3650 interpretantur:
756 3581 910 3650 hospitibus
925 3581 1061 3648 inimicus,
1074 3579 1147 3649 quod
1161 3585 1261 3644 tamen,
1277 3599 1359 3651 quum

265 3662 375 3718 dativus
393 3663 513 3730 accedat,
530 3683 585 3720 non
603 3671 658 3720 tam
678 3671 771 3736 aptum
791 3667 907 3721 videtur.

351 3749 375 3814 ²)
394 3754 468 3800 ποῖον
487 3753 623 3817 πανόπτην
637 3756 707 3804 ‹vl-oo
719 3753 808 3819 λέγειςς
827 3750 920 3806 Dind.:
938 3751 1018 3803 unius
1033 3765 1124 3804 vaccae
1138 3754 1243 3818 pastor.
1270 3753 1316 3816 At,
1330 3754 1361 3804 ut

265 3832 294 3886 id
321 3834 455 3902 omittam,
476 3835 549 3904 qnod
567 3827 618 3894 οἶος
635 3836 689 3906 adp
709 3837 743 3890 ad
761 3837 879 3906 priorem
898 3835 1024 3890 vocabuli
1041 3837 1164 3900 βουκόλος
1181 3839 1286 3904 partem
1305 3853 1361 3892 non

267 3917 325 3972 sine
350 3917 511 3974 difficultate
538 3919 663 3990 refertur,
689 3922 750 3976 hren
772 3921 909 3975 sententia
930 3937 995 3974 vera
1013 3920 1134 3974 videtur:
1164 3919 1250 3976 Hand
1266 3937 1363 3977 maaar

267 4004 307 4060 da
334 4005 395 4060 med
421 4021 456 4060 aa
479 4005 619 4060 edocenda
643 4007 856 4062 eaeamadlstore
875 4003 931 4072 (iac.
948 4023 981 4060 m.
1000 4005 1028 4060 d.
1047 4005 1108 4060 med
1125 4012 1170 4061 ott
1185 4005 1253 4072 ton,
1273 4005 1362 4061 ahora

164 4106 171 4118 ·
268 4104 372 4159 mom,
388 4089 482 4146 made
500 4089 606 4146 bacato
623 4087 709 4158 olid?
727 4089 770 4159 Jo,
788 4091 848 4158 (det
864 4105 917 4145 aar
934 4089 987 4145 dea
1005 4089 1200 4160 honoratam)
1219 4090 1325 4159 Arpos.
