3094 4786
849 327 891 390 28

315 495 358 561 nl.
391 515 474 560 nem.
506 491 581 575 Vll,
615 497 666 575 89,
700 489 864 572 ἐπιδέξιος
885 493 917 560 h.
940 500 1006 578 pyt.
1031 491 1090 574 vl,
1115 497 1153 558 19
1180 487 1263 576 (ἕ-ια
1284 487 1442 586 χειρός)Ι

316 599 431 690 νήπιος
451 603 483 670 h.
506 609 573 690 pyt
597 603 656 686 111,
678 609 730 670 82.

403 713 486 780 Hrec
519 715 636 796 omnin,
670 717 822 798 quoniam
854 714 1014 800 posterior
1040 733 1117 797 pers
1143 713 1293 796 (excepto
1321 710 1441 792 διαμ-

316 818 437 912 ῳίδιος,
453 819 582 911 νήπιος)
600 846 661 910 per
675 845 709 890 se
724 827 795 910 ipse
809 831 867 908 est,
884 843 960 890 vere
975 823 1152 908 composite
1166 819 1316 888 habenda
1333 827 1440 887 sunt·

401 933 554 1002 Alterum
587 943 637 1002 est
661 955 762 1018 genus
788 935 831 1002 ed
853 934 939 1019 quod
961 953 1033 1018 quoe
1054 933 1219 1018 pertinent
1239 953 1281 998 en
1303 933 1340 997 in
1368 953 1440 996 nu-

317 1063 408 1109 mero
428 1043 652 1129 dependentiee
674 1047 924 1128 compositorum
946 1042 1096 1128 ponende
1118 1048 1233 1123 essent,
1255 1047 1305 1107 est
1327 1040 1438 1106 dubi-

317 1159 432 1236 tatum,
454 1173 494 1220 eu
515 1153 597 1237 dico,
620 1176 757 1238 qnorum
780 1155 870 1240 prior
884 1175 962 1240 pers
977 1160 1027 1220 est
1045 1153 1240 1238 praepositio,
1256 1153 1436 1236 posterior

318 1283 435 1332 nomen
471 1263 714 1347 substantivum,
751 1268 803 1332 cui
839 1265 1073 1346 secundarium,
1108 1270 1145 1329 ut
1176 1263 1277 1328 nostri
1315 1261 1432 1345 ajunt,

318 1372 469 1439 snifixnm
502 1395 534 1437 νο
567 1375 712 1441 additum
746 1377 796 1442 sit.
842 1375 937 1460 Quod
970 1374 1098 1459 quidem
1128 1373 1279 1440 suffixum
1306 1377 1429 1436 utrum

319 1485 439 1549 nomini
470 1483 518 1550 illi
550 1486 640 1569 prius
671 1485 818 1552 additum
851 1489 893 1552 sit
925 1507 1023 1569 quom
1055 1483 1212 1550 vocabule
1243 1483 1429 1567 conjuncte.

318 1594 391 1675 sint,
414 1599 451 1660 ut
471 1595 561 1678 prior
581 1616 658 1679 pers
679 1595 915 1662 determinandi
937 1617 1052 1661 munus
1074 1595 1260 1678 susciperet,
1281 1615 1322 1658 an
1344 1598 1426 1674 post

319 1709 471 1770 novatum
493 1726 533 1770 ex
555 1707 781 1790 conjunctione
807 1705 997 1772 vocobulum
1024 1707 1065 1771 sit
1086 1704 1237 1770 suffixum
1259 1701 1423 1784 additum,

320 1817 357 1878 ut
377 1821 506 1895 regeret
526 1835 602 1899 pars
617 1818 707 1900 prior·
721 1819 943 1902 posteriorem,
959 1818 989 1882 h.
1006 1839 1033 1881 e.
1050 1824 1168 1898 utrum,
1184 1821 1222 1880 ut
1235 1811 1422 1896 exemplum

319 1921 462 2005 afferam,
478 1925 512 1989 id
527 1927 614 2008 quod
627 1934 677 1993 est
688 1923 857 2011 ἐναγώνιος
868 1927 909 1993 ab
921 1922 1107 2009 ἓν-αγώνιος
1117 1949 1159 1992 an
1172 1925 1214 1992 ab
1230 1919 1424 2006 ἕναγών-ιος

319 2039 425 2098 ortum
459 2034 510 2114 sit,
543 2055 583 2101 ee
608 2057 726 2118 magna
748 2040 882 2121 quaestio
904 2044 961 2102 est.
1008 2037 1091 2102 Illud
1114 2037 1228 2104 statuit
1249 2037 1362 2122 Meyer
1377 2039 1418 2122 ¹),

319 2142 381 2208 hoo
404 2143 730 2232 Weissenbornius²)‚
753 2169 852 2232 quum
874 2149 1047 2215 Olemmius
1062 2155 1164 2214 totam
1179 2171 1247 2214 rem
1263 2150 1295 2214 in
1311 2147 1418 2216 medio

319 2251 534 2340 relinqunt⁸).
578 2255 628 2322 Ar
653 2259 748 2340 enim,
774 2260 800 2324 si
822 2257 927 2325 altere
948 2281 1025 2324 vere
1046 2265 1095 2324 est
1115 2259 1231 2324 harum
1253 2261 1337 2325 ratio
1359 2259 1416 2324 fin·

319 2360 415 2442 geudi
448 2365 613 2449 vocabula,
647 2390 710 2434 non
743 2370 905 2450 continuo,
936 2369 1044 2450 oredo,
1077 2371 1232 2452 sequitur,
1255 2377 1292 2435 ut
1313 2371 1416 2434 ultera

319 2470 463 2538 tolletur.
519 2475 575 2540 An
612 2484 749 2561 utraque
785 2481 910 2545 ratione
946 2481 993 2545 uti
1029 2501 1093 2545 non
1130 2479 1222 2548 licuit
1256 2477 1414 2544 sermoni?

321 2580 427 2668 Quam
459 2584 500 2650 ob
533 2607 601 2652 rem
635 2593 671 2652 ut
696 2589 730 2652 in
751 2590 790 2653 iis
811 2588 977 2668 faciendis,
1000 2609 1137 2673 quorum
1159 2591 1320 2672 posterior
1341 2609 1413 2672 pars

319 2713 379 2776 per
411 2715 445 2760 se
476 2695 548 2778 ipsa
579 2704 628 2762 est
660 2697 862 2781 adjectivum,
896 2719 956 2782 ope
989 2699 1096 2764 suffixi
1123 2721 1155 2760 ιο
1177 2719 1198 2764 a
1218 2697 1412 2764 substantivo
1486 2697 1488 2708 '

319 2802 525 2888 productum,
557 2807 635 2872 mihi
668 2807 796 2890 quidem
829 2807 956 2892 videtur
988 2829 1056 2874 esse
1084 2815 1202 2874 nature
1227 2810 1357 2887 sactum,
1379 2815 1413 2874 ut

320 2915 506 3000 praepositio
538 2915 755 2984 adverbialem
787 2919 819 2982 in
851 2917 979 2984 modum
1007 2939 1079 2984 cum
1106 2919 1264 3002 adjectivo
1286 2919 1412 3002 conjun·
1519 2951 1520 2954 ¹

321 3033 461 3108 geretur,
483 3027 539 3107 ite,
555 3047 692 3110 quorum
713 3029 873 3110 posterior
894 3048 971 3111 pers
992 3050 1050 3112 per
1073 3051 1106 3093 se
1128 3028 1218 3093 nulle
1240 3033 1296 3109 est,
1320 3049 1357 3094 ee
1375 3049 1411 3092 ex

321 3138 557 3223 praepositionis
589 3157 662 3204 cum
689 3137 888 3206 substantivo
914 3140 1139 3223 conjunctione
1162 3139 1249 3204 secta
1271 3158 1348 3217 esse,
1369 3140 1411 3202 its

322 3253 359 3314 ut
389 3267 466 3331 pars
498 3247 589 3330 prior
619 3247 830 3331 posteriorem
862 3254 998 3330 regeret
1025 3255 1094 3312 tum
1121 3247 1248 3312 demum
1270 3247 1408 3344 additum

322 3379 390 3427 esee
425 3381 456 3420 ιο
489 3357 639 3424 suffixum
665 3358 732 3422 ven‘
756 3357 952 3424 simillimum
974 3364 1031 3422 est
1075 3357 1165 3422 Illius
1187 3357 1313 3436 generis
1334 3375 1409 3421 com-

322 3469 428 3553 posite.
449 3467 519 3532 haec
540 3469 746 3532 inveniuntur
768 3467 854 3550 apud
877 3467 1077 3550 Aeschylum
1098 3473 1131 3530 et
1152 3464 1345 3532 Pindarum:

408 3581 475 3644 Ae:
498 3571 688 3650 διαπόντιος
709 3577 750 3642 nl.
773 3577 824 3642 ch.
848 3581 918 3658 352,
941 3571 1069 3660 ἔγγαιος
1089 3576 1130 3640 al.
1154 3597 1238 3659 pers.
1260 3581 1331 3658 922,
1347 3597 1407 3658 sup.

323 3693 374 3770 59,
406 3682 576 3770 ἐναγώνιος
607 3686 638 3752 h.
674 3687 713 3750 i'r.
750 3690 821 3766 387,
852 3679 995 3760 iuniores·
1016 3685 1058 3750 al.
1081 3685 1121 3749 fr.
1147 3689 1216 3767 178,
1240 3681 1362 3760 ἐνάλιος
1380 3684 1406 3750 h.

444 3871 525 3878 .-.-......

409 3976 433 4039 ¹)
450 3973 577 4043 Beitrige
593 3989 622 4042 p.
640 3974 672 4028 17
690 3989 729 4041 sq.

408 4059 432 4124 ¹)
449 4058 532 4126 Cujus
550 4061 642 4112 temen
659 4057 693 4112 de
710 4056 761 4112 hnc
778 4072 808 4111 re
825 4055 925 4111 librum
943 4071 999 4109 non
1016 4053 1080 4109 vidi.

409 4145 431 4215 ¹)
448 4143 500 4200 Die
516 4155 579 4200 nen.
596 4140 710 4199 Forsolu
727 4158 754 4213 p.
771 4143 815 4198 87.
