3144 4788
722 313 781 375 115

198 505 299 568 quum
320 483 494 567 saepissime
520 483 579 546 fiat
600 487 636 546 ut
657 480 836 564 subjectum
858 479 943 545 idem
967 481 1035 546 fere
1057 479 1144 564 quod
1167 501 1295 564 compo·

198 595 251 659 siti
283 594 443 677 posterior
469 615 546 677 pars
568 591 733 672 significet,
757 613 821 657 non
847 589 959 656 dubito
987 590 1208 674 interpretari:
1234 589 1297 653 toll

198 725 265 769 som
299 706 423 788 (otyor)
458 703 565 767 bestrir
597 702 608 764 ν’
641 705 687 766 ett
711 706 801 766 svart
829 700 904 764 trud
929 700 961 764 h.
984 722 1011 764 e.
1033 706 1125 766 court
1148 700 1210 765 tull
1231 700 1296 783 (cfr

199 806 361 896 περίκηλα,
376 808 517 896 δένδρεα,
539 805 614 890 ξύλα
636 809 724 894 apud
745 810 950 895 Homerum).

283 1131 452 1199 Permulta
488 1157 528 1198 ex
564 1134 603 1198 iis
640 1155 711 1217 quoe
748 1155 848 1218 supra
883 1133 1079 1216 pertractavi
1112 1133 1317 1218 compositis·

197 1245 382 1329 possessivis
414 1243 505 1308 licuit
536 1243 644 1308 videre
677 1245 827 1328 conjungi
853 1264 927 1310 cum
949 1241 1130 1308 nominibus
1152 1243 1296 1327 ejusdem

198 1357 266 1420 iere
282 1353 522 1434 significationis
538 1359 636 1437 atque
653 1360 779 1438 partem
791 1355 960 1437 compositi
970 1353 1190 1437 posteriorem,
1203 1354 1250 1418 ita
1261 1359 1298 1419 ut

198 1465 268 1529 haee
290 1463 428 1546 quodam
453 1463 547 1529 modo
570 1485 809 1548 supervacanea
829 1466 880 1529 sit.
926 1462 1038 1547 Atque
1060 1464 1158 1528 etiam
1179 1463 1244 1528 alia
1264 1472 1297 1530 et

199 1574 434 1640 determinativi
457 1579 491 1638 et
510 1575 678 1656 possessivi
700 1576 826 1656 generis
848 1575 1026 1657 composita
1048 1572 1135 1656 apud
1151 1573 1296 1659 Aeschy-

197 1684 264 1750 lum
298 1689 331 1748 et
360 1683 539 1748 Pindarum
567 1705 631 1749 non
658 1706 733 1750 raro
755 1685 803 1749 ita
824 1690 998 1768 ponuntur,
1021 1690 1058 1749 ut
1078 1683 1297 1767 respondeant

197 1795 299 1878 priori
322 1803 578 1876 (nonnumquam
600 1795 786 1878 posteriori)
808 1795 977 1879 compositi
999 1793 1085 1878 parti
1108 1793 1296 1877 simpliciter

197 1905 310 1988 positae
344 1908 401 1968 aut
433 1903 562 1968 omnino
590 1925 610 1968 a
637 1904 869 1986 significatione
906 1904 1090 1985 angustiore
1124 1902 1166 1968 ad
1198 1903 1296 1969 latius

198 2001 363 2099 patentem
378 2018 558 2078 transeant:
576 2007 718 2100 οἰόφρων
732 2013 851 2098 (πέτρα
866 2037 897 2098 p.
916 2019 980 2094 91),
997 2008 1151 2088 οἰοπόλος
1167 2023 1211 2098 (p.
1229 2019 1294 2096 31),

198 2114 329 2202 εοῖος,
362 2117 588 2204 μονόρρνδμος
620 2119 735 2204 (δόμος
766 2146 797 2208 p.
831 2130 895 2207 93),
928 2117 1119 2208 μονοστιβής
1150 2136 1195 2207 (p.
1229 2128 1294 2207 57),

196 2227 365 2316 μονογενής
397 2232 513 2309 (ibdm)
529 2263 571 2290 =
586 2228 693 2313 μόνος,
726 2229 873 2309 νεόκοτος
905 2249 950 2317 (p.
986 2238 1113 2309 lom:
1128 2227 1199 2308 νέος
1231 2235 1295 2306 (cfr

197 2341 296 2408 Dind.
313 2343 400 2423 lem),
417 2338 636 2426 irrrroyvoipwv
651 2354 696 2429 (p.
715 2349 819 2418 ll):::
830 2338 971 2426 γνώμων,
984 2336 1163 2422 πρόκωπος
1178 2353 1223 2427 (p.
1240 2349 1295 2420 90)

194 2451 317 2534 sdrdip,
353 2451 475 2528 beredo,
509 2449 671 2533 δύσμαχος
692 2463 737 2537 (p.
761 2457 825 2535 39),
860 2447 1023 2537 δνσπαλής
1044 2462 1090 2536 (p.
1115 2457 1190 2527 107)
1211 2453 1297 2531 svor,

199 2556 391 2642 εὖξόμβόλος
404 2571 449 2644 (p.
464 2566 548 2644 110),
561 2555 695 2642 εὔβατος
705 2573 750 2646 (p.
763 2567 818 2638 52)
833 2563 904 2633 lucr,
916 2555 1109 2648 πρόσφατος
1119 2572 1164 2646 (p.
1177 2566 1233 2639 48)
1243 2584 1295 2646 ομ.
1401 2579 1405 2596 ¹

283 2671 426 2736 Maxime
459 2678 535 2737 sunt
566 2693 606 2737 ee
637 2671 931 2754 animadvertenda,
965 2693 1102 2755 qnorum
1134 2673 1295 2756 posterior

197 2803 275 2865 pars
290 2787 339 2846 est
353 2819 391 2828 -
410 2776 467 2863 εόψ
488 2785 613 2859 (nime,
636 2776 767 2860 -ωπός),
789 2777 893 2867 -ειδός
914 2777 1053 2867 (uicino),
1076 2775 1173 2868 -ήρρς,
1206 2782 1294 2848 Nam

198 2892 231 2956 iu
264 2891 374 2956 multis
407 2912 517 2956 eorum
539 2891 699 2974 posterior
714 2873 797 2974 ¹pars
818 2891 861 2956 ad
882 2891 1140 2958 terminationem
1173 2891 1295 2958 deriva-

198 3004 295 3068 tivam
332 3002 473 3066 transiit:
511 2996 683 3082 πσρωπός,
717 2995 904 3086 νρλονωπός,
938 2994 1116 3084 κελαινώιμ,
1147 3005 1294 3082 (etum),

200 3107 342 3196 κνανιόιμ,
379 3105 555 3190 στενωπός,
592 3105 835 3196 αἰνιγματιόδης,
871 3104 1072 3196 ἅνθεμώδης,
1110 3105 1294 3196 οἱστριόδνρς,

199 3213 336 3306 ἀσώδης,
370 3215 571 3304 κωματώδης,
599 3213 757 3305 πισσήρρς
782 3214 906 3305 (νομός),
929 3215 1082 3308 πεδιήρης
1103 3215 1295 3298 (κέλευθος),

199 3325 342 3415 ποδήρης
362 3329 497 3409 (στῦλος,
520 3340 606 3414 π-ρ),
630 3324 776 3418 λενκήρης
796 3323 913 3411 (θρίξ),
935 3323 1125 3413 πλειστήρης
1145 3323 1295 3410 (χρόνος),

198 3435 352 3526 vetuitus
373 3432 487 3518 (troc).
1218 3509 1221 3516 .

284 3549 471 3632 Composita
496 3550 675 3633 possessiva
695 3570 768 3614 cum
789 3549 936 3630 genetivo
958 3568 1199 3629 nonnumquam
1220 3568 1294 3614 cou-

195 3661 376 3744 junguntur
398 3659 462 3732 (cfr
482 3681 513 3743 p.
538 3663 578 3724 64
600 3671 675 3742 sq.):
710 3651 845 3739 ἄπειρος
866 3656 985 3731 (καλῶν
1006 3653 1137 3735 πόνων),
1159 3650 1295 3738 όμοιρος

199 3763 344 3847 (πεδίων,
381 3764 539 3845 πέπλων),
576 3763 722 3852 ἄμμορος
757 3766 898 3845 (καλῶν),
931 3759 1117 3848 α’πόκλαρος
1149 3761 1295 3846 (πόνων),

198 3875 349 3965 νήποινος
363 3881 508 3964 (φυτῶν),
523 3872 660 3962 γόμσρος
674 3872 830 3957 (χθονός),
846 3869 984 3960 ἀπήμων
998 3872 1139 3956 (οἰζύος),
1155 3869 1295 3956 ἄβυσσος

199 3981 313 4074 (ότρς),
335 3979 421 4064 (οὖν)
443 3980 608 4062 όῖπαππος
629 3980 767 4071 (πυρός),
790 3971 906 4065 ἄτιμος
927 3979 1098 4073 (ἐκφορᾶς)
1130 3985 1194 4062 (cfr
1215 3985 1292 4050 (λον.

200 4096 291 4182 Synt.
313 4097 333 4184 ξ
355 4100 405 4162 64.
427 4117 457 4178 g.
480 4107 589 4174 anm).
