3144 4788
706 336 766 397 113

186 504 325 569 notionis
357 503 524 586 proprium
557 507 614 583 est,
648 503 831 567 accuratius
863 502 1095 568 determinetur
1128 506 1161 566 et
1189 501 1281 584 quasi

186 619 262 679 ante
284 611 394 678 oculos
415 617 566 696 ponatur.
600 611 768 693 Significat
788 612 873 677 enim
893 633 978 694 saepe
998 612 1088 696 prior
1103 632 1180 695 pars
1195 611 1282 696 quod

186 743 299 787 sensus
329 722 450 788 acriter
476 727 677 787 commoveat
703 723 789 787 etin
812 723 991 806 composito
1011 721 1161 803 fingendo
1183 723 1283 788 menti

186 831 376 897 obversetur
402 832 607 915 animumque
635 833 726 914 quasi
749 831 902 897 detineat.
947 830 1206 916 Quamobrem
1228 853 1284 896 no·

186 943 307 1008 tionem
339 941 527 1025 primariam
559 941 679 1006 habere
713 943 803 1025 prior
835 963 911 1026 pars
937 927 1077 1024 quodam
1102 940 1197 1008 modo
1220 940 1284 1006 dici

186 1058 303 1135 potest,
337 1052 457 1134 quippe
490 1037 561 1134 quic
594 1057 733 1117 mentem
766 1053 893 1133 gravius
919 1058 1127 1132 commoveat.
1171 1049 1283 1134 Atque

187 1162 329 1244 priorem
365 1161 478 1227 talium
515 1163 764 1244 compositorum
806 1168 947 1244 partem,
991 1162 1083 1244 quasi
1124 1161 1285 1227 consciam

189 1270 353 1351 dignitatis
375 1291 440 1336 suae
462 1276 496 1336 et
517 1292 601 1352 agre
622 1271 779 1337 ferentem
806 1272 940 1356 imperio
966 1271 1154 1355 posterioris
1182 1271 1285 1354 partis

189 1403 222 1446 se
259 1380 437 1464 subjectam
474 1401 552 1462 esse,
589 1401 829 1463 nonnumquam
862 1381 985 1466 jugum,
1018 1387 1056 1446 ut
1090 1381 1137 1446 ita
1169 1380 1284 1461 dicam,

190 1491 365 1555 excussisse
380 1493 407 1564 ¹)
439 1489 472 1554 id
504 1489 730 1556 documentum
764 1498 821 1572 est,
845 1490 931 1574 quod
962 1492 996 1556 in
1023 1492 1061 1556 iis
1082 1489 1285 1575 appellandis

190 1605 509 1683 utramquepartem
542 1621 606 1665 non
634 1622 709 1666 raro
738 1621 828 1684 aeque
850 1601 1002 1682 acuimus,
1025 1606 1062 1666 ut
1082 1599 1209 1665 vinculo
1231 1598 1285 1665 ab·
1371 1614 1374 1624 ·

189 1715 286 1792 rupto
318 1710 409 1792 prior
441 1731 517 1793 pars
547 1709 731 1775 libertatem
763 1712 1016 1794 recuperaverit:
1048 1709 1114 1774 trit
1134 1708 1210 1788 lavit,
1235 1708 1310 1788 old
1374 1739 1380 1750 ·

189 1819 257 1896 cdd,
281 1819 334 1883 tol
356 1825 455 1884 svart.
490 1801 695 1904 Quinetiam
717 1819 763 1901 fit,
786 1826 824 1886 ut
844 1841 949 1885 sermo
968 1820 1079 1904 populi
1099 1820 1133 1884 in
1148 1819 1286 1884 formam

189 1928 425 2012 participialem
440 1931 581 2013 priorem
596 1937 722 2014 partem
738 1937 925 1996 commutet:
942 1930 1076 1995 eldonde
1089 1930 1157 2004 rt'd,
1173 1929 1287 1994 troade

190 2038 268 2110 toll,
303 2038 459 2103 dectoudc
490 2041 579 2104 mdrlc
610 2039 674 2115 (cfr
707 2040 894 2104 drdononde
919 2041 980 2114 tet,
1006 2039 1165 2120 yl'o'donde
1186 2059 1284 2118 vorm,

189 2147 330 2224 similia).
372 2147 511 2216 Generis
532 2151 742 2234 comparativi
764 2151 1013 2232 compositorum
1036 2169 1185 2230 magnam
1206 2149 1287 2213 mul-

191 2257 360 2322 titudinem
393 2258 486 2340 fingit
517 2265 626 2324 noster
659 2281 763 2324 sermo
796 2265 829 2324 et
861 2258 991 2342 quidem
1023 2260 1139 2342 saepius
1169 2257 1226 2340 ita,
1250 2263 1288 2324 ut
1321 2331 1323 2334 ,

189 2365 383 2458 adjectivum
404 2369 584 2452 posteriore
606 2371 639 2433 in
661 2375 754 2453 parte
776 2370 865 2434 insit:
888 2368 1022 2444 enituit,
1047 2368 1187 2447 tlodrt'd,
1210 2367 1285 2433 oet-

186 2477 259 2559 μνᾶ,
292 2483 465 2552 cattarum,
499 2479 679 2558 ciutmlcclt
713 2477 865 2556 cdrfrislq
890 2477 1117 2560 morpoufrislc,
1144 2479 1287 2560 toratt'y,

190 2587 309 2670 stylita
332 2594 366 2654 et
387 2588 452 2654 alia
472 2589 583 2656 multa.

278 2695 358 2782 Quae
379 2699 414 2762 in
435 2719 540 2781 graeco
562 2721 709 2764 sermone
725 2699 978 2782 comparativam
993 2699 1151 2764 rationem
1165 2698 1288 2764 habent

190 2809 276 2872 inter
308 2813 419 2891 partes
449 2809 544 2890 longo
576 2809 716 2893 plurima
742 2810 776 2873 in
801 2828 918 2889 genere
940 2810 1191 2892 possessivorum
1212 2814 1288 2874 sunt

192 2917 376 3000 quaerenda.
415 2918 513 2984 Certe
534 2919 622 3003 apud
637 2916 838 3002 Aeschylum
853 2925 911 2984 aut
924 2918 1103 2983 Pindarum
1119 2920 1171 2983 vix
1185 2918 1287 2982 ullum

192 3027 349 3112 ejusmodi
370 3029 531 3093 invenitur
553 3029 630 3112 quin
652 3030 685 3094 in
707 3050 824 3110 genere
844 3027 1021 3112 possessivo
1037 3027 1221 3112 ponendum
1236 3029 1286 3094 sit.

192 3137 257 3222 (cfr
289 3143 397 3202 tamen
431 3131 632 3218 tnnopdpov
657 3159 726 3222 sup.
750 3141 813 3202 284
834 3131 948 3201 i-ororv
969 3132 1132 3222 καμήλοις.
1174 3134 1287 3222 Atque

192 3246 280 3331 apud
313 3247 495 3313 Homerum
528 3267 656 3330 quoque
688 3247 796 3312 nescio
829 3267 871 3312 an
897 3245 1010 3312 eadem
1032 3247 1158 3312 ratione
1180 3268 1232 3312 res
1254 3269 1288 3312 se

192 3356 312 3422 habeat
343 3357 409 3440 (cfr
440 3363 549 3422 tamen
581 3351 745 3439 βουγάιος,
777 3377 916 3439 quocum
952 3355 1204 3440 comparandum
1241 3364 1291 3423 est

192 3467 226 3532 id
248 3467 335 3550 quod
357 3468 458 3532 nostri
480 3466 605 3532 dicunt:
631 3466 721 3548 ἂκρα
743 3486 810 3531 som
833 3488 869 3531 eu
891 3466 991 3550 trist).
1025 3465 1090 3533 Sed
1113 3486 1177 3532 non
1191 3466 1288 3552 plane

193 3576 306 3642 abesse
328 3598 348 3642 a
369 3597 475 3658 graeco
498 3597 645 3641 sermone
668 3598 804 3660 quorum
827 3598 904 3661 pars
918 3577 1080 3660 posterior
1094 3575 1289 3660 adjectivum

193 3687 244 3768 sit,
278 3686 312 3750 id
345 3685 432 3768 quod
464 3688 497 3750 in
530 3686 699 3770 Meyerum
728 3687 897 3770 (Beitrtge
918 3709 950 3770 p.
976 3687 1030 3770 12)
1056 3686 1288 3768 animadverto,

196 3795 341 3862 declarat
353 3791 549 3882 μελίχλωρος
563 3797 774 3879 compositum
785 3795 906 3880 (Plato,
919 3795 1072 3880 Theocr.)
1082 3833 1125 3845 —
1135 3790 1289 3877 μελίπαις

196 3907 428 3990 (posteriores).

281 4145 302 4214 Ι)
320 4141 367 4196 Cli·
383 4158 410 4210 p.
430 4145 446 4197 3
464 4158 523 4212 sqq.
