3094 4786
744 347 762 406 7

200 517 290 576 svart
316 511 497 593 significare
523 517 630 594 potest
661 511 728 593 (cfr
749 511 866 595 Pass.).
911 510 996 577 Sunt
1016 531 1091 576 vero
1113 510 1210 575 etiam
1233 510 1298 576 alia

199 620 364 703 nonnulla,
395 641 467 704 quee
489 622 606 687 hocin
628 643 762 687 numero
785 621 972 706 reponenda
993 641 1152 701 censeam,
1175 627 1209 694 et
1230 622 1298 704 qui·

199 731 272 796 dem
309 733 396 816 apud
433 731 632 816 Aeschylum
665 732 748 798 haec:
787 726 1077 805 dvuodonuirruloc
1108 753 1191 796 eum.
1226 735 1297 812 387,

199 830 451 923 κελάινόβρωτος
483 863 533 926 pr.
569 845 660 924 1025,
693 837 905 928 peloprnuydc
936 862 986 923 ag.
1021 845 1092 923 392,
1126 847 1207 924 sept.
1237 845 1296 905 737

197 939 319 1036 (αἷμα),
354 944 518 1035 ὀξὺγλυκυς
549 952 590 1017 al.
625 952 664 1017 lr.
699 957 770 1035 328,
804 943 1016 1032 ὄρθοδίκαιος
1047 957 1093 1034 pt.
1119 972 1201 1016 enm.
1224 955 1296 1016 994.

164 1059 263 1132 ,Illa
292 1061 328 1126 in
360 1083 478 1144 genere
510 1062 756 1128 determinative
789 1061 907 1128 ducere
940 1063 966 1126 si
1000 1063 1072 1144 quis
1103 1045 1198 1142 iulet,
1232 1082 1296 1127 non

197 1170 321 1252 negabo
347 1172 456 1255 aliquo
479 1172 574 1238 modo
597 1172 694 1238 licere
715 1171 796 1236 illud
818 1171 958 1253 quidem.
1003 1173 1052 1261 At
1072 1176 1110 1236 ut
1130 1172 1162 1236 in
1185 1177 1296 1237 nostro

197 1301 344 1346 sermone
359 1283 439 1348 talia
453 1284 640 1366 composite,
657 1283 767 1364 qualia
782 1287 858 1347 sunt
880 1281 1079 1363 ldoplorolu‘p,
1100 1281 1295 1363 conpectu,

196 1391 230 1454 in
264 1390 466 1458 dissolvendo
498 1391 744 1476 interpretanda
776 1399 851 1457 sunt
884 1392 960 1474 ldup
993 1391 1050 1456 oeli
1075 1391 1196 1472 crouy,
1219 1391 1296 1473 ldup
1427 1380 1432 1389 ’

196 1500 253 1566 ccli
275 1501 392 1583 erdkiq,
415 1504 462 1568 ita
482 1502 558 1584 tale,
586 1501 681 1584 quale
709 1508 759 1568 est
784 1496 1080 1578 δυσοδοπαίπαλος,
1104 1500 1296 1567 determina·

196 1612 269 1676 tivis
301 1612 333 1676 in
367 1613 552 1704 oomppsitis
583 1633 705 1695 ponere
731 1613 819 1694 mihi,
843 1613 870 1676 si
892 1633 956 1676 non
978 1610 1164 1692 absurdum,
1186 1617 1295 1677 tamen

198 1719 326 1786 difficile
360 1720 497 1788 videtur.
543 1722 596 1788 Ao
618 1724 644 1788 si
666 1724 699 1788 in
722 1722 976 1790 determinativis
997 1721 1200 1788 numeranda
1221 1723 1293 1802 sint,

198 1832 291 1895 unius
324 1831 496 1897 alteriusve
531 1853 573 1896 an
594 1833 703 1914 priore
724 1834 758 1897 in
781 1838 874 1915 parte
897 1833 974 1898 insit
996 1831 1084 1896 notio
1106 1831 1294 1914 principalis

197 1939 337 2006 dubitari
370 1947 486 2024 potest.
536 1941 633 2007 Certe
666 1941 794 2008 videtur
827 1943 896 2025 ejus
928 1943 1016 2024 quod
1048 1945 1098 2005 est
1130 1933 1295 2022 ὀξύγλυκις

195 2052 357 2133 posterior
378 2073 454 2135 pars
477 2073 541 2117 non
563 2053 664 2134 magis
685 2053 874 2136 principalis
896 2074 964 2116 esse
988 2072 1084 2134 quarn
1106 2052 1197 2134 prior
1216 2072 1293 2135 pars

195 2163 281 2227 vocis
313 2157 533 2244 γλυκύπικρος,
566 2169 673 2245 atque,
708 2168 745 2227 ut
777 2162 920 2228 suethice
953 2161 1134 2244 loquamur,
1161 2165 1292 2226 cursito

195 2273 297 2337 minor
319 2291 416 2354 quam
438 2277 569 2336 sessura
592 2291 656 2337 nou
675 2271 884 2356 jucundiores
906 2277 990 2336 sunt.

280 2381 328 2447 Ut
359 2383 392 2446 in
421 2390 540 2464 nostro,
568 2383 614 2446 sic
636 2383 669 2446 in
692 2403 797 2464 greeae
819 2401 965 2447 sermone
987 2377 1090 2445 multa
1112 2386 1187 2446 sunt
1208 2401 1292 2446 oom-

193 2493 309 2576 posita,
332 2513 403 2574 quae
426 2491 502 2556 ficta
523 2514 541 2556 e
563 2491 689 2557 duobus
711 2492 892 2557 nominibus
907 2491 1051 2557 colorum
1067 2491 1191 2554 varium
1207 2493 1292 2558 inter

194 2601 252 2666 hos
280 2601 420 2666 colorem
454 2599 644 2682 significent.
689 2601 871 2686 Saepissime
895 2623 971 2667 sane
993 2599 1081 2665 notio
1103 2601 1291 2685 principalis

192 2713 225 2778 in
248 2712 428 2795 posteriore
450 2715 544 2794 parte
566 2713 659 2794 inest,
681 2712 714 2777 id
737 2713 823 2796 quod
846 2711 997 2777 facillime
1019 2709 1065 2791 fit,
1087 2731 1185 2792 quum
1200 2712 1291 2795 prior

193 2841 269 2904 pars
291 2820 432 2886 colorem
454 2842 513 2903 per
535 2842 569 2885 se
591 2823 696 2906 ipsum
719 2823 823 2886 minus
845 2821 1093 2887 determinatum
1116 2820 1290 2901 significet:

191 2927 411 3012 λευκέρυθρος,
434 2925 683 3009 λευκοποίκιλος,
703 2925 978 3016 μελαμπόρφυρος
1000 2929 1065 3013 (cir
1080 2937 1192 2996 nostra
1208 2929 1289 3012 ljos-

191 3039 258 3118 ree,
282 3037 478 3125 mdrkbruu).
521 3039 586 3107 Sed
608 3041 749 3125 priorem
771 3046 898 3125 partem
919 3039 1131 3124 principalem
1154 3041 1289 3122 cogitari

191 3150 333 3234 potuisse
356 3169 515 3232 apparere
538 3151 616 3216 mihi
638 3149 764 3216 videtur
786 3174 804 3216 e
826 3151 944 3216 talibus
966 3151 1149 3233 compositis
1171 3152 1289 3216 nostris

192 3259 302 3343 qualia
333 3265 422 3334 sunt:
455 3260 579 3340 r'o'dpul
603 3261 728 3340 pulr'o‘d
753 3261 873 3342 diripui,
893 3260 1017 3342 pothini,
1038 3259 1193 3338 soartbld,
1217 3259 1287 3325 bid·

191 3376 289 3433 soart.
335 3367 376 3432 In
409 3389 516 3450 graeco
548 3391 696 3435 sermone
718 3371 901 3454 hujusmodi
923 3370 1102 3453 composite
1123 3369 1211 3453 apud
1232 3371 1288 3438 flo-

190 3480 292 3543 rentis
327 3479 431 3544 aetatis
464 3481 639 3563 scriptores
671 3482 723 3544 vix
755 3483 961 3546 inveniuntur
983 3486 1080 3562 atque
1102 3480 1189 3563 apud
1212 3479 1288 3546 Pin-

191 3589 306 3654 darum
329 3595 362 3653 et
383 3586 582 3674 Aeschylum
604 3591 702 3674 plane
722 3591 849 3658 desunt.

275 3697 328 3763 Ex
360 3699 408 3779 iis,
431 3719 504 3780 quae
526 3699 603 3782 dixi,
626 3708 773 3784 apparet,
797 3701 904 3783 oredo,
928 3705 965 3765 ut
985 3701 1159 3784 saepissime
1181 3708 1287 3786 poste·

188 3809 267 3874 riori
290 3808 459 3891 compositi
481 3808 625 3874 membro
647 3811 738 3892 quasi
760 3812 962 3894 principatus
977 3811 1103 3876 delatus
1118 3813 1168 3893 sit,
1184 3814 1287 3895 priori

189 3917 426 3984 determinandi
459 3939 582 4001 munus,
616 3921 663 3986 ita
695 3926 728 3985 et
761 3920 962 3987 substantiva
983 3927 1017 3986 et
1037 3919 1196 4005 adjectiva
1217 3943 1285 3988 esse

189 4025 354 4111 nonnulla,
387 4028 421 4094 in
447 4027 563 4112 quibus
585 4050 625 4095 ex
647 4051 739 4114 aequo
760 4031 794 4096 in
815 4032 1001 4100 societatem
1023 4032 1170 4098 venerint
1190 4031 1284 4100 ambo

188 4136 333 4206 membra
359 4141 394 4204 et
418 4141 491 4224 pari
507 4141 583 4226 jure
604 4145 748 4209 utantur.
793 4141 998 4231 Quinetiam
1020 4146 1190 4230 exaequata
1211 4163 1284 4215 cum
