3144 4788
710 315 769 385 137

279 498 307 559 2.
352 493 506 558 Alterum
529 511 634 573 'genus
661 495 710 556 est
736 510 847 555 eorum
881 503 1031 570 quorum
1060 504 1144 572 pars
1166 489 1281 571 poste·
1411 577 1415 592 ·

190 601 269 668 rior
290 602 449 684 priorem
473 600 579 682 regit.

275 741 323 806 Ut
355 745 464 806 noster
496 761 601 805 sermo
633 737 796 822 permulta
827 739 1004 823 composita
1035 737 1081 804 ita
1112 738 1213 821 fingit,
1246 743 1284 804 ut

157 830 161 840 ¹
191 852 370 935 posteriore
408 851 442 914 in
479 855 573 933 parte
606 856 708 934 ponat
739 870 855 914 nomen
888 849 1011 929 agentis
1038 847 1071 912 iu
1094 868 1165 912 -ανο
1196 847 1283 930 quod

191 963 332 1046 priorem
349 966 476 1044 partem
490 965 596 1041 regat:
610 958 835 1040 ρόνάοσλλανο,
852 958 1071 1040 ιλόανρλᾶχανο,
1082 955 1284 1040 οόχόνχλανα,

191 1071 317 1151 similia,
349 1071 396 1134 ita
428 1070 515 1154 apud
551 1089 672 1150 graecos
702 1071 875 1152 scriptores
902 1067 972 1134 haee
997 1069 1081 1134 ratio
1108 1069 1285 1152 composita

192 1179 333 1262 fingendi
354 1181 565 1245 usitatissima
586 1185 643 1244 est.
677 1178 790 1262 Atque
812 1200 860 1260 ea,
883 1179 1003 1261 quaein
1019 1201 1152 1246 numero
1167 1180 1285 1264 depen-

192 1290 310 1356 dentiae
332 1291 583 1373 compositorum
604 1289 827 1372 supraposui,
850 1310 1045 1372 quamquam
1066 1291 1130 1356 alia
1151 1292 1192 1357 ab
1214 1293 1285 1358 aliis

192 1401 374 1467 dubitatum
406 1406 456 1464 est
487 1421 528 1464 an
550 1399 592 1464 ad
614 1398 836 1482 dependentia
862 1401 1040 1483 composita
1065 1423 1101 1466 re
1122 1424 1200 1468 vere
1220 1424 1285 1469 non

192 1510 366 1578 referenda
386 1516 501 1589 essent,
524 1515 631 1574 tamen
653 1509 723 1574 haee
744 1509 821 1573 satis
842 1515 970 1574 constat
990 1511 1075 1574 inter
1096 1532 1206 1577 omnes
1225 1534 1286 1596 pro

192 1623 277 1687 veris
299 1619 522 1704 dependentia
544 1619 728 1702 compositis
753 1617 904 1683 habenda
929 1639 1007 1700 esse,
1029 1620 1076 1684 ita
1099 1621 1228 1704 quidem
1250 1629 1288 1688 ut

193 1733 283 1816 prior
305 1751 382 1814 pars
404 1731 446 1795 sit
467 1729 637 1813 objectum,
659 1729 820 1812 posterior
841 1749 956 1794 nomen
972 1730 1104 1810 agentis.
1142 1729 1286 1798 Transeo

193 1841 236 1907 ad
252 1863 292 1906 ea
305 1839 533 1922 enumeranda,
550 1861 621 1924 quae
637 1838 856 1905 adhibuerunt
865 1839 1048 1924 Aeschylus
1063 1847 1096 1907 et
1110 1840 1286 1908 Pindarus:

279 2015 308 2058 a.
353 1991 439 2057 Pars
454 1993 617 2073 posterior
638 1990 756 2074 suffixo
778 2013 796 2053 ο
815 1989 960 2067 formato
981 1997 1037 2056 est.

280 2127 348 2194 Ae:
372 2119 594 2210 αλχιαυφφόρος
620 2131 700 2209 sept.
716 2127 789 2190 ’419
816 2118 974 2209 (μόρους),
1000 2117 1288 2214 ἄλαβασσροφόρος

195 2239 235 2305 11.
265 2240 335 2314 364,
362 2227 589 2321 ἀσπιδηφόρος
614 2235 655 2300 al.
678 2241 758 2318 sept.
784 2240 832 2317 19,
855 2255 904 2316 ag.
928 2238 1000 2316 826,
1027 2229 1234 2320 δαφναφόρος
1254 2237 1286 2303 h.

196 2369 265 2432 sup.
291 2351 350 2412 706
373 2338 578 2428 (βουθύτοισι
596 2345 731 2428 τιμαῖς),
755 2337 988 2430 ὄελφινοφόρος
1007 2343 1048 2410 al.
1064 2343 1104 2408 fr.
1123 2348 1182 2409 160
1203 2345 1289 2429 (δον

197 2452 315 2520 πόιποα
341 2447 479 2536 πεδίον),
507 2449 681 2539 δικρφόρος
706 2476 755 2536 ag.
784 2459 855 2536 626,
879 2446 1058 2539 δορυφόρος
1079 2454 1120 2519 al.
1143 2455 1193 2520 oh.
1218 2461 1287 2539 769,

197 2559 371 2652 ξιφηφόρος
392 2562 432 2626 11.
461 2566 531 2644 341,
556 2558 784 2649 θανατηφόρσς
805 2564 846 2629 al.
869 2563 919 2628 oh.
943 2567 1004 2628 368
1026 2552 1160 2646 (αἶσαν),
1185 2569 1289 2628 θανα-

198 2670 339 2762 τοφόρος
371 2693 421 2754 ag.
451 2677 532 2736 1176
560 2667 695 2757 (πάθη),
725 2666 888 2758 θεοφόρος
912 2679 958 2756 pt.
985 2671 1025 2736 11.
1049 2675 1111 2736 224
1136 2673 1288 2760 (ποδῶν),

196 2777 453 2870 λαμπαδηφόρος
475 2803 524 2864 ag.
549 2787 619 2864 312,
652 2776 898 2868 μαχαιροφόρος
919 2782 960 2848 al.
983 2802 1067 2865 pers.
1091 2785 1131 2846 56
1154 2777 1288 2864 (ἔθνος),

198 2887 368 2979 νικηφόρος
389 2891 430 2956 al.
454 2891 494 2956 ch
518 2895 578 2956 148
593 2887 714 2977 (Δίκῃ),
730 2886 909 2978 ξιφηφόρος
923 2891 965 2958 al.
981 2893 1031 2957 oh.
1048 2896 1110 2958 684
1125 2886 1288 2978 (ἀγῶνας),

199 2996 405 3086 όμβροφόρος
433 3001 474 3066 al.
497 3022 566 3084 sup.
590 3005 630 3066 36
662 2994 832 3086 (ἀνέμοις),
859 2997 1036 3087 παμφόρος
1056 3002 1098 3068 al.
1120 3025 1204 3086 pers.
1228 3008 1290 3069 618

199 3106 344 3196 (χαιάς),Ι
364 3103 548 3196 πεζοφόρος
578 3117 623 3196 pt.
647 3111 686 3176 fr.
710 3115 771 3176 240
803 3105 983 3195 (ζιόμασιν),
1016 3106 1219 3196 πτεροφόρος
1247 3114 1289 3178 al.

199 3243 249 3303 ag.
274 3224 353 3286 1147
387 3216 527 3305 (δέμας),
550 3213 736 3307 πυροφόρος
762 3220 793 3286 h.
816 3220 855 3285 11.
878 3224 940 3284 460
962 3216 1102 3304 (Γέλας),
1124 3216 1291 3306 πυρφόρος

200 3333 241 3397 al.
264 3337 344 3415 sept.
366 3335 429 3395 432
451 3323 589 3413 (ἄνδρα),
612 3326 807 3416 σειραφόρος
827 3330 868 3395 al.
891 3351 941 3411 ag.
964 3333 1036 3412 842,
1061 3333 1152 3413 1640,
1176 3330 1291 3396 σελασ-

200 3435 303 3526 φόρος
334 3447 379 3524 pt.
408 3459 489 3504 eum.
515 3444 596 3503 1022
628 3435 846 3523 (λαμπάδιον),
878 3433 1072 3523 τελεσφόρος
1093 3439 1124 3504 h.
1146 3461 1196 3524 pr.
1218 3444 1290 3522 611,

200 3525 475 3634 τεαχεσφόραςιαΙ.
498 3549 548 3614 oh.
571 3553 632 3612 627
654 3541 783 3628 (ἀνδρί),
805 3541 995 3633 (φαεσφόρος
1015 3547 1057 3612 al.
1079 3569 1128 3629 ag.
1151 3551 1223 3616 489.

286 3652 439 3740 γαιάοχος
463 3657 494 3723 h.
518 3664 598 3741 sept.
622 3663 693 3740 310,
721 3652 885 3736 ἑστιοῦχος
905 3657 946 3722 al.
969 3679 1054 3740 pers.
1077 3662 1136 3723 611
1159 3659 1291 3742 (χαῖον),

201 3770 240 3834 11.
263 3773 333 3850 280,
357 3765 528 3852 κλῃδοῦχος
549 3767 589 3832 al.
605 3789 675 3852 sup.
692 3772 762 3849 291,
786 3759 975 3849 οὖρανοῦχος
996 3767 1046 3831 eh.
1070 3771 1131 3830 960
1152 3759 1292 3851 (ἀρχάν),

202 3878 375 3957 πολιοῦχος
407 3876 448 3941 al.
481 3883 561 3960 sept.
596 3882 657 3942 312
689 3870 804 3962 (θεοί),
826 3879 888 3940 822
910 3870 1100 3961 (δαίμονες),
1127 3882 1207 3960 sept.
1232 3881 1292 3941 110

202 3984 292 4064 (θεοὶ
306 3981 492 4066 πολίοχον)
507 3980 650 4066 χθονός),
666 3986 880 4066 πολισσοῦχος
894 3993 940 4070 pt.
957 4006 1038 4051 eum.
1055 3989 1117 4050 883
1132 3988 1292 4068 (βροτῶν),

288 4141 312 4205 ¹)
329 4137 396 4194 Cod.
415 4138 514 4203 -όαχοα

1159 4237 1192 4296 16
