3094 4786
819 307 859 372 74

288 473 402 545 eodem
423 473 519 544 modo
542 475 732 560 composita:
762 472 958 558 ljushosvud,
986 473 1191 554 dumhufoud,
1213 474 1386 556 lelumpfoa

253 603 264 648 ι
289 585 395 666 trefot
420 585 570 662 tusenfot.
591 591 709 660 so'tnos,
731 591 867 664 sternes,
892 585 1051 666 ldaqrook,
1073 585 1237 652 svartrook
1258 587 1384 654 etelia.

289 697 402 780 Atque
425 719 464 760 ne
486 717 506 761 a
527 716 632 780 grano
655 695 783 778 quidem
806 717 952 764 sermone
967 695 1029 760 hoo
1044 717 1145 776 genus
1160 695 1383 764 translationis
1453 761 1459 772 ,

289 806 385 889 plane
417 806 556 872 alienum
590 807 696 886 fuisse,
728 806 804 870 lieet
830 827 893 870 non
926 805 1018 870 nimis
1040 805 1105 874 late
1126 807 1278 889 patuerit,
1301 807 1384 876 talia

289 915 455 988 declarare
488 915 637 983 ridentur
669 917 779 999 qualia
810 922 885 983 sunt
911 909 1044 996 τρίπους
1067 915 1164 994 trefot
1186 917 1271 1000 (jam
1293 917 1382 1000 apud

288 1025 386 1093 Hom.
389 1026 411 1110 )‚
435 1047 559 1107 anneot
559 1047 632 1100 ιοος
653 1025 793 1104 etortfot
819 1027 893 1109 (pro
915 1031 1009 1098 tauro
1030 1026 1184 1110 positum)
1207 1026 1248 1092 ol.
1271 1026 1382 1108 XIII,

200 1190 210 1211 ‚
290 1141 339 1202 78.
349 1135 536 1218 Atque
528 1156 632 1218 ipsum
666 1129 842 1215 dedoces-mg
869 1135 948 1202 illud
971 1137 1254 1218 mansanzwen)
1252 1136 1382 1220 jusdem

288 1245 416 1326 generis
436 1251 493 1308 est.
472 1244 600 1311 tSed
624 1266 722 1328 quum
745 1245 786 1310 ab
808 1245 869 1310 hae
891 1247 1015 1312 rationo
1042 1245 1140 1322 verba
1164 1247 1383 1320 transferendi

289 1355 397 1423 omnia
419 1355 596 1438 composita
618 1356 794 1436 possessiva
816 1360 943 1438 repetat
964 1353 1382 1440 Osthoffius‚fi110spr0ba-

289 1463 423 1544 birinus
445 1463 690 1546 transgreditur.
724 1463 755 1528 N
760 1485 811 1530 am
834 1465 943 1546 quiin
965 1467 1151 1530 memoriam
1171 1469 1379 1547 revocaverit,

289 1573 385 1658 hnjus
417 1573 542 1654 generis
574 1575 751 1660 composita
785 1594 881 1656 quam
913 1573 1010 1640 variis
1036 1574 1139 1640 modis
1160 1575 1321 1659 subjectis,
1344 1584 1381 1642 ut

289 1683 383 1767 ajunt
403 1683 513 1763 nostri,
536 1682 762 1768 adjungantur,
786 1683 837 1748 vix
860 1682 919 1749 sibi
940 1683 1147 1766 persuadebit
1167 1685 1251 1753 hano
1271 1708 1380 1754 voram

227 1773 231 1778 ’
288 1815 357 1860 osse
390 1795 547 1860 rationem
579 1792 787 1874 intelligendi.
832 1791 945 1875 Atque
977 1813 1035 1860 our
1057 1792 1182 1860 Graecis
1204 1817 1268 1862 non
1289 1797 1380 1862 linuit

289 1903 401 1970 eadem
435 1904 482 1971 uti
505 1905 629 1970 ratione
652 1924 716 1986 qna
738 1909 847 1972 noster
870 1924 974 1969 sermo
996 1909 1122 1971 tantam*
1142 1891 1377 1975 multitudinem

289 2013 382 2104 fingit
413 2014 676 2098 compositorum:
711 2012 899 2090 dertusensi,
927 2013 1153 2094 ιιιοροιοοοοά,
1175 2013 1377 2096 otyor-osiaci,

290 2121 453 2204 dredtent,
485 2121 687 2205 nodhjertact
721 2123 922 2204 οιοῖοοονιιιρ,
960 2122 1025 2189 alia
1064 2123 1246 2206 permulta?
1293 2126 1378 2210 Quin

289 2233 385 2296 etiarn
407 2231 508 2297 aliis
499 2254 532 2296 ιιι
554 2231 812 2296 sermonibust
776 2238 812 2296 ut
832 2233 863 2296 in
888 2232 1070 2315 hispanoet
1056 2234 1193 2300 titalieo
1209 2243 1381 2318 utramque

289 2341 446 2417 rationem
469 2339 604 2423 valuisse
627 2341 721 2428 docet
746 2317 967 2408 Darmesteter
981 2344 1019 2426 ²)

373 2450 436 2518 Est
469 2457 577 2516 autem
609 2451 698 2518 aliud
725 2473 826 2532 genus
848 2451 1065 2531 dignissimum
1088 2411 1260 2522 observatu
1282 2462 1379 2538 atquo

289 2559 330 2626 ab
363 2583 401 2626 eo
435 2559 521 2644 qnod
555 2583 655 2644 supra
681 2559 746 2626 dixi
774 2559 921 2629 translat
898 2561 993 2624 tronis
1015 2561 1184 2644 diversum,
1207 2564 1286 2631 talia
1307 2564 1379 2630 dieo

290 2670 399 2752 qualia
413 2665 697 2750 ειιιιιοιολίονιιροι
721 2665 885 2753 (κιοιογοί),
906 2665 1138 2752 μεγαλοπόλιες
1159 2669 1378 2758 (Συράκοσαι).

290 2778 372 2846 Haeo
404 2801 482 2846 sane
515 2781 546 2844 in
581 2779 778 2862 metaphora,
812 2801 908 2862 quam
938 2780 1040 2864 ajunt,
1073 2782 1178 2863 posita
1204 2804 1269 2848 non
1292 2790 1377 2848 sunt.

291 2888 402 2972 Atque
434 2889 475 2957 ad
508 2888 650 2954 suethiee
683 2889 959 2972 interpretandum
982 2889 1080 2954 verba
1101 2912 1172 2972 quee
1194 2900 1269 2958 sunt
1289 2913 1377 2972 vara,

290 3001 416 3080 atyiira,
451 2998 541 3062 bostri
568 3000 593 3078 i„
621 2999 787 3082 aptissima
813 3007 897 3080 sunt,
924 2999 971 3064 ite
997 3006 1033 3064 nt
1053 3002 1185 3083 proprie
1206 3010 1377 3085 ponantur.

290 3107 459 3190 Ejusmodi
492 3109 589 3188 igitur
621 3109 799 3196 eonrposita
830 3131 851 3174 a
881 3110 1044 3194 principio,
1061 3109 1261 3189 substantive
1282 3113 1379 3199 fuisse

291 3224 327 3285 ut
348 3217 432 3282 ratio
454 3223 539 3282 esset
559 3218 811 3302 apposifionalia
827 3219 977 3302 ntajunt,
1001 3219 1072 3302 quis
1092 3226 1140 3284 ost
1154 3221 1232 3302 quin
1247 3222 1379 3290 erodat?

291 3325 415 3392 Eadem
449 3328 531 3392 ratio
567 3328 702 3408 cogitari
718 3335 842 3412 ¹potest
862 3330 895 3394 in
916 3330 965 3411 iis,
988 3351 1059 3411 quae
1080 3328 1182 3396 multa
1202 3333 1380 3415 posteriore

290 3436 322 3500 in
356 3443 449 3518 parte
482 3435 603 3502 habent
636 3437 825 3505 vocabulum
859 3439 1001 3522 ejusdem
1023 3439 1262 3519 significationis
1282 3447 1379 3524 atque

224 3574 226 3579 ·
290 3544 323 3608 id
356 3566 485 3626 nomen,
520 3548 571 3610 cui
603 3549 814 3630 compositum
847 3549 1033 3632 adjunctum
1066 3555 1127 3613 est:
1165 3553 1380 3633 μακροβίοτος

290 3648 410 3736 (otte),
448 3648 562 3718 ειοιίοο
597 3651 747 3740 (tiferno),
791 3653 1032 3740 γιοοικόβοολος
1074 3659 1211 3744 (μῆτις),
1255 3652 1382 3745 εὐτυχής

290 3759 457 3850 (πότμος),
494 3766 617 3831 similia.

295 3924 492 3938 ——-—-———

375 4017 399 4081 ¹)
416 4014 463 4070 cfr
480 4013 562 4070 Grdz.
579 4017 638 4072 ³08.

374 4101 399 4167 ²)
416 4101 509 4157 Dorm.
527 4119 555 4172 p.
573 4103 616 4172 ³4,
636 4103 677 4158 ³5.
