3094 4786
797 323 817 384 2

263 491 376 574 Atque
410 489 574 572 genetivus
606 488 803 572 possessivus
833 486 890 569 (de
918 507 981 570 quo
1003 486 1056 551 hio
1078 488 1215 552 maxime
1237 489 1358 572 agitur)

264 601 415 685 quonism
452 598 596 682 quolibet
631 618 704 662 eum
740 597 939 674 substentivo
976 597 1192 680 conjungitur,
1225 605 1263 663 ut
1294 621 1358 664 non

263 716 397 795 propter
429 715 579 778 naturam
612 709 711 792 ipsius
744 708 933 776 substantivi
965 707 1032 789 fiat,
1060 714 1097 772 ut
1117 728 1191 772 eum
1212 711 1358 790 genetivo

263 821 488 905 conjungetur,
515 821 584 900 regi
607 820 660 883 vix
680 841 755 884 vere
777 824 885 902 potest
906 817 979 883 diei.
1023 817 1141 901 Neque
1163 841 1238 884 vero
1259 822 1362 902 magis·

263 952 302 996 en
334 931 522 1014 composita,
555 949 693 1012 quorum
726 930 816 1012 prior
850 949 926 1012 pers
948 934 1005 992 eut
1026 929 1281 994 instrumentalis
1303 935 1360 994 eut

262 1041 419 1106 locativus
452 1045 510 1120 est,
544 1041 577 1104 in
606 1039 829 1122 dependentiae
852 1059 970 1119 genere
992 1045 1079 1102 reete
1101 1037 1251 1103 habenda
1273 1045 1357 1104 sunt.

263 1151 315 1216 De
338 1171 403 1234 qun
425 1172 460 1214 re
482 1149 577 1216 aliter
596 1149 722 1232 judicat
744 1147 877 1216 Curtius
891 1149 920 1232 ¹)
942 1154 975 1212 et
997 1147 1062 1212 nlii.
1100 1149 1150 1214 At
1168 1150 1204 1230 si,
1221 1148 1254 1213 id
1271 1149 1358 1232 quod

263 1281 371 1340 nemo,
410 1259 522 1342 oredo,
561 1261 740 1341 negaverit,
778 1259 905 1324 dativus
941 1261 1095 1343 temporis
1132 1259 1250 1344 (modi)
1287 1281 1358 1324 eum

261 1391 382 1450 vocem,
406 1389 547 1452 quaeum
569 1369 785 1454 conjungitur,
809 1369 1036 1450 determinare,
1052 1389 1117 1435 nnn
1134 1390 1174 1434 ea
1196 1371 1264 1451 regi
1283 1369 1358 1452 jure

263 1480 390 1561 dicitur,
421 1502 461 1544 ne
484 1478 538 1555 ille
562 1478 690 1561 quidem
713 1500 809 1562 quem
831 1483 948 1544 vocent
969 1479 1249 1545 instrumentalem
1272 1480 1358 1545 loon·

262 1591 427 1672 tivumque
450 1589 514 1655 elio
537 1588 632 1654 modo
654 1589 861 1673 aeoipiendns
883 1594 941 1654 est.

346 1699 464 1764 Utrnm
486 1699 725 1787 compositionis
746 1704 873 1783 partem
895 1704 1006 1763 tenent
1027 1719 1067 1764 en
1088 1700 1187 1780 notio,
1211 1719 1283 1784 quae
1305 1700 1358 1765 de·

261 1809 424 1890 terminet,
458 1816 565 1875 utrem
597 1829 646 1890 en,
681 1829 752 1892 quee
787 1808 1031 1889 determinetur,
1065 1810 1296 1892 siquaerimus,
1320 1831 1360 1877 en

261 1922 359 2000 notio,
397 1941 469 2003 quae
503 1919 638 1984 alteram
671 1918 875 2000 determinet,
908 1919 1051 2001 priorem
1083 1919 1190 1985 locum
1223 1921 1356 1988 obtinet.

261 2029 384 2096 Temen
406 2030 458 2094 hio
479 2028 799 2094 animadvertendum
818 2035 869 2092 est
883 2050 948 2093 non
962 2029 1058 2113 plane
1075 2030 1185 2095 deesse
1200 2034 1357 2117 exempla,
1382 2109 1384 2118 A

260 2159 397 2224 quorum
419 2161 496 2222 pars
518 2139 678 2223 posterior
698 2139 845 2220 genetivo
860 2139 1058 2222 respondens
1072 2141 1216 2224 priorem
1230 2149 1357 2224 partem

261 2249 463 2316 determinet.
508 2249 569 2332 Ouj
572 2269 609 2313 ns
636 2248 770 2328 generis
784 2249 889 2332 major
911 2249 1041 2330 quidem
1063 2271 1140 2334 pars
1162 2273 1182 2316 a
1202 2253 1358 2335 posterio-

260 2359 350 2426 ribus
372 2359 599 2444 scriptoribus
605 2357 792 2440 frequentat
793 2379 832 2422 ur
846 2359 885 2441 ².)
927 2358 1044 2442 Neque
1066 2360 1154 2443 apud
1176 2361 1358 2428 Homerum

261 2492 364 2553 neque
397 2469 485 2553 apud
518 2467 740 2534 Hesiodum
731 2469 866 2532 mveniri
898 2468 1007 2533 vident
993 2475 1056 2534 t.ur
1104 2470 1207 2554 Apud
1238 2472 1359 2538 Pinde-

259 2601 331 2646 rum
361 2579 496 2659 nullum,
530 2577 617 2661 apud
651 2575 852 2661 Aeschylum
879 2599 979 2642 unum
1001 2579 1108 2644 inveni
1129 2577 1359 2664 (πλουτόχθων

259 2691 323 2755 hue
348 2710 413 2755 non
439 2687 677 2771 referendum):
714 2681 847 2762 Θέοινος
868 2693 915 2771 pt.
937 2687 977 2752 fr.
1002 2692 1072 2753 350.
1117 2689 1152 2756 Si
1180 2685 1356 2771 καρπόχειρ

258 2799 439 2882 significare
471 2803 580 2881 posset
611 2796 715 2861 ”hund
736 2815 779 2860 au
802 2796 888 2861 ihrer
908 2798 1044 2863 wureel'’
1058 2799 1085 2880 ⁸)
1108 2799 1174 2864 ”die
1195 2798 1284 2862 hand
1303 2819 1357 2864 so-

258 2909 333 2974 weit
354 2910 401 2974 sie
422 2900 549 2991 καρπός
569 2905 685 2970 Ιιεὶεει”
698 2907 750 2989 ⁴)‚·
764 2906 876 2971 eodem
898 2907 992 2972 modo
1014 2907 1127 2974 liceret
1147 2909 1357 2992 interpretari

261 3015 389 3093 θέοινος
421 3018 506 3080 uiuet
537 3015 644 3080 sdsom
674 3015 748 3096 pud,
780 3015 834 3080 *det
866 3017 973 3082 sdsom
1003 3017 1071 3098 pud
1095 3017 1237 3101 dprtade
1262 3018 1356 3082 uiuet.

258 3124 308 3192 At
329 3132 366 3191 ut
387 3128 419 3191 in
441 3147 589 3191 sermone
611 3124 862 3206 francogallieo,
885 3133 923 3190 nt
943 3127 1044 3210 ajunt,
1067 3126 1301 3192 substantivum
1323 3132 1357 3191 et

258 3238 422 3316 genetivus
445 3255 582 3318 sequens
603 3236 636 3298 in
658 3255 758 3298 unum
781 3255 1024 3319 nonnumquam
1046 3236 1297 3318 confunduntur,
1320 3243 1357 3302 ut

258 3347 443 3430 praepositlo
477 3365 548 3428 quoe
581 3350 631 3408 est
663 3343 701 3408 de
732 3349 917 3410 evanescat:
947 3343 1128 3424 feto—Diem
1159 3344 1355 3426 mort-Diem

259 3457 478 3536 timbre-poste
491 3456 530 3538 ⁵),
557 3457 603 3520 itu
624 3455 657 3518 in
679 3473 784 3534 graeeo
807 3475 954 3519 sermone
977 3456 1100 3522 suetum
1122 3475 1190 3520 esse
1213 3461 1354 3520 statuere

258 3587 323 3632 non
345 3565 501 3632 andonius
523 3553 659 3630 videtur.
701 3601 715 3632 ι

262 3713 461 3724 ...Ἣ

344 3803 365 3870 ¹)
384 3801 490 3856 Erlitut
507 3816 535 3868 p
554 3802 613 3855 154

342 3887 367 3951 ²)
384 3885 486 3953 Meyer,
505 3882 676 3955 Beitrtgep.
696 3888 729 3940 13
747 3903 788 3956 sq.
806 3887 855 3943 24

343 3974 365 4042 ³)
383 3971 494 4030 Tobler
514 3970 568 4025 vid.
587 3971 759 4040 Beitrtgep
778 3972 818 4023 14.

342 4059 365 4126 ⁴>

355 4144 366 4212 l

343 4144 352 4174 ⁸
382 4140 428 4196 Gsr
446 4140 540 4195 Derm.
557 4157 586 4210 p.
606 4141 647 4210 17,
663 4141 697 4196 48
714 4157 756 4208 sq.
