3094 4786
235 1619 291 1686 Ad
324 1623 430 1686 animo
468 1621 742 1706 complectendam
780 1642 852 1688 eam
888 1621 1080 1704 libertatem,
1114 1643 1179 1705 qna
1209 1625 1243 1688 in

153 1731 330 1796 nominibus
353 1732 537 1815 compositis
559 1731 748 1797 adhibendis
764 1731 872 1798 Graeci
889 1733 939 1796 usi
954 1732 1026 1813 sint,
1043 1733 1243 1815 aptissimum

152 1847 200 1906 est
233 1861 425 1922 cognoscere
458 1841 656 1926 Aeschylum
689 1849 722 1908 et
752 1841 941 1924 Pindarum,
973 1848 1084 1925 utpote
1107 1863 1243 1926 quorum

150 1951 182 2014 in
215 1949 271 2015 illo
303 1973 419 2032 genere
453 1951 583 2016 lieentia
613 1951 766 2018 latissime
799 1958 919 2036 pateat.
965 1951 1071 2036 Quam
1101 1951 1142 2017 cb
1175 1974 1244 2018 rem

150 2060 320 2144 sperabam
343 2081 393 2124 me
415 2061 457 2126 ad
471 2061 560 2127 illam
576 2061 616 2126 de
632 2063 817 2146 compositis
831 2061 1011 2128 nominibus
1026 2063 1243 2144 quaestionem,

151 2169 191 2234 de
214 2190 279 2252 qua
306 2170 398 2236 multi
425 2171 528 2236 multa
548 2173 756 2256 scripserunt,
778 2171 1002 2238 illustrandam
1025 2171 1147 2254 aliquid
1168 2171 1245 2238 alla·

150 2283 261 2344 turum
284 2301 362 2362 esse,
386 2281 412 2345 si
437 2287 472 2346 et
493 2302 589 2364 qnam
612 2283 699 2348 varie
721 2303 761 2347 ea
781 2280 1002 2348 adhibuissent
1016 2281 1197 2370 Aeschylus
1212 2287 1245 2347 et

149 2387 313 2453 Pindarus
346 2396 380 2456 et
412 2397 534 2474 quanta
565 2391 763 2472 singulorum
789 2411 942 2471 generum
968 2390 1173 2457 multitudine
1195 2392 1245 2458 usi

150 2504 257 2563 essent
277 2499 493 2582 inspexissem.
539 2500 656 2584 Itaque
683 2483 761 2565 mshi
787 2501 950 2584 proposui,
979 2507 1016 2566 ut
1043 2501 1150 2566 omnia
1171 2521 1243 2583 quae

150 2608 183 2671 hi
207 2607 270 2673 duo
292 2607 510 2675 adhibuerunt
531 2610 662 2676 nomina
683 2611 860 2692 composita
880 2615 1124 2694 pertractarem,
1146 2611 1193 2675 ita
1208 2615 1246 2674 ut

150 2717 414 2798 significationem
441 2719 542 2800 magis
564 2740 660 2802 quam
682 2721 785 2803 ipsam
808 2717 1031 2784 formationem
1054 2725 1243 2804 spectarem.

149 2826 347 2892 Divisionem
380 2827 510 2910 quidem
537 2817 608 2894 eam
635 2834 763 2894 secutus
785 2849 865 2910 sum,
889 2849 953 2912 qua
975 2828 1117 2911 Curtius,
1140 2828 1245 2896 Clem-

149 2937 241 3018 mius,
275 2935 389 3022 Meyer
421 2937 540 3020 aliique
565 2939 626 3004 viri
648 2937 822 3004 doctissimi
844 2939 893 3004 usi
915 2944 999 3017 sunt,
1022 2944 1059 3004 ut
1081 2940 1189 3004 omnia
1210 2940 1244 3004 in

149 3052 216 3111 tres
248 3053 358 3130 partes
390 3046 579 3113 dividerem:
607 3048 872 3129 Determinatiua‚
900 3047 1092 3130 Possessiva‚
1115 3047 1244 3132 Depen-

150 3155 277 3222 dentiae.
320 3155 426 3241 Quam
448 3156 578 3240 quidem
601 3158 758 3222 rationem
780 3156 993 3223 distribuendi
1014 3159 1164 3242 persequi
1179 3179 1244 3224 non

149 3265 229 3330 nihil
254 3263 354 3332 habet
380 3265 589 3332 difficultatis.
634 3265 718 3334 Sunt
743 3268 826 3333 enim
848 3268 951 3333 multa
972 3268 1150 3352 composita
1172 3289 1243 3350 quae

149 3375 191 3440 ad
214 3375 301 3458 quod
322 3396 422 3458 genus
443 3375 616 3442 referenda
637 3377 702 3441 sint
723 3376 862 3442 discerni
883 3399 948 3444 non
969 3378 1080 3462 possit,
1102 3377 1136 3443 id
1157 3377 1244 3460 quod

150 3486 349 3550 verissimum
372 3492 421 3550 est
442 3485 482 3550 de
503 3487 551 3568 iic,
575 3506 712 3568 quorum
734 3507 811 3569 pars
832 3488 991 3572 posterior
1014 3492 1047 3552 et
1061 3507 1177 3552 nomen
1193 3507 1244 3552 ae·

149 3595 244 3660 tionis
267 3601 300 3660 et
320 3616 436 3661 nomen
458 3596 582 3678 agentis
604 3617 673 3660 esse
694 3602 810 3680 potest.

234 3703 311 3768 Non
343 3704 484 3770 alienum
516 3705 593 3771 mihi
619 3706 720 3770 uisum
748 3712 797 3771 est
818 3707 915 3788 signis
937 3704 1118 3788 significare
1140 3711 1174 3771 et
1195 3727 1243 3789 ea,

150 3835 221 3897 quae
254 3821 330 3880 ante
357 3811 556 3899 Aeschylum
583 3820 617 3879 et
642 3813 821 3882 Pindarum
853 3814 998 3882 adhibita
1019 3825 1095 3882 sunt
1115 3815 1189 3898 (la),
1211 3821 1245 3882 et

149 3945 197 4006 aa,
221 3945 292 4006 quae
319 3924 375 3990 alii
400 3925 574 4007 scriptores
601 3923 651 3988 vel
676 3923 820 3990 florentis
843 3925 947 3992 aetatis
969 3923 1043 4006 (al.)
1064 3925 1115 3991 vel
1136 3931 1243 4009 poste·

149 4035 250 4098 riores
282 4035 358 4117 (pt.)
390 4033 431 4100 ab
459 4033 622 4118 Aeschylo
653 4039 687 4099 et
712 4033 856 4100 Pindaro
883 4040 1087 4119 acceperunt.
1130 4031 1244 4118 Atque

149 4151 187 4209 ut
206 4141 389 4229 Aeschylus
414 4149 447 4208 et
473 4143 635 4210 Pindarus
662 4163 737 4210 cum
763 4143 911 4212 Homero
932 4149 1061 4211 etcum
1082 4143 1244 4228 Sophocle
