3094 4786
908 59 914 122 1

802 224 843 288 24

360 412 388 458 o.
431 389 527 458 Reor
542 409 626 474 pars
647 389 839 458 adverbium.

359 541 426 609 Ae:
459 535 605 628 ἀγκρισις
636 541 677 608 51.
710 563 792 607 eum.
826 543 897 624 362,
930 534 1105 617 ἀνάστασις
1136 541 1169 607 51
1200 562 1282 608 enm.
1306 543 1369 607 648

275 648 472 739 (θανόντος),
503 673 588 736 pers.
622 657 682 716 106
709 647 875 736 (πόλεων),
907 673 956 733 ag.
980 655 1041 716 589
1063 644 1189 738 (Ἰλίου),
1211 644 1371 732 ἀτίμωσις

276 785 326 845 ag.
356 767 426 845 701,
453 761 504 828 eh.
531 765 604 844 435,
637 757 794 847 διαίρεσις
815 761 856 828 51.
878 782 961 827 eum.
986 765 1056 843 749,
1090 753 1223 842 ἔκβασις
1243 761 1274 827 h.
1297 782 1369 844 sup.

278 878 349 955 771,
371 865 495 946 ἔκλυσις
516 871 557 938 el.
580 894 630 957 pr.
653 875 724 954 262,
747 865 895 958 ἔκπληξις
915 870 956 937 nl.
977 874 1149 956 peretot,
1172 863 1305 956 ἔκφυσις
1325 871 1369 936 51.

277 983 317 1049 fr.
340 985 412 1065 248,
446 975 582 1062 ἔμβασις
603 981 645 1048 al.
667 1003 716 1064 eg.
740 985 812 1064 946,
839 974 972 1060 ἔπαλξις
992 982 1024 1047 h.
1047 985 1127 1065 sept
1151 985 1201 1062 30,
1224 975 1372 1056 ἐπίλυσις

276 1099 323 1178 pt.
340 1097 419 1176 sept.
438 1095 508 1174 134,
531 1085 683 1176 είίπραξις
704 1112 752 1173 eg.
770 1095 841 1173 255,
864 1085 991 1177 ἔφαφις
1012 1112 1081 1176 sup.
1098 1094 1150 1166 46,
1172 1084 1372 1164 κατάστασις

198 1289 199 1296 ¹
278 1203 320 1269 al.
342 1223 392 1284 ag.
416 1206 466 1283 23,
498 1196 688 1286 παραίνεσις
709 1201 750 1268 nl.
772 1223 855 1268 eum.
880 1205 950 1282 707,
983 1195 1183 1284 παράρρυσις
1205 1221 1274 1284 sup.
1299 1203 1370 1283 715,

196 1385 198 1391 ,
278 1307 415 1397 πάρηξις
446 1331 496 1392 eg.
531 1314 601 1394 556,
635 1306 867 1394 προσάμβασις
898 1309 939 1377 al.
967 1315 1048 1395 sept.
1070 1313 1132 1374 466
1146 1310 1186 1394 ¹),
1219 1304 1371 1385 σάν3εσις

278 1422 320 1490 al.
353 1443 403 1506 pr.
435 1424 507 1503 460,
541 1415 675 1504 συνωρίς
707 1421 792 1504 (gen.
815 1417 918 1506 -ίάυς)
950 1421 992 1486 51.
1025 1442 1074 1503 eg.
1107 1423 1179 1502 643,
1211 1413 1371 1495 ἀπόδοσις

278 1553 361 1598 enm.
384 1535 456 1614 505,
477 1523 652 1610 ὑπόσχεσις
673 1531 703 1596 5.
726 1551 795 1615 sup.
820 1535 891 1597 368.

362 1657 405 1724 P:
427 1649 609 1731 ἀνάπαυσις
623 1656 664 1724 nl.
680 1677 763 1722 nem.
780 1656 855 1738 VII,
871 1661 921 1738 52,
942 1649 1109 1732 ἀνάπωτις
1123 1657 1163 1722 51.
1181 1657 1222 1739 01,
1238 1656 1302 1740 IX,
1320 1661 1370 1740 56,

280 1763 429 1842 ἐπέλασις
449 1771 516 1850 pyt
538 1765 564 1848 1,
586 1769 638 1848 46,
664 1762 835 1852 πάρφασις
856 1767 887 1832 h.
910 1789 993 1833 nem.
1016 1767 1108 1848 VIII,
1132 1771 1181 1848 32,
1204 1761 1373 1852 πρόσοψις

280 1877 321 1942 al.
344 1882 411 1962 pyt.
434 1875 492 1958 IV,
516 1880 566 1958 29,
600 1870 767 1962 πρόφασις
788 1877 819 1942 h.
842 1883 908 1962 pyt.
931 1876 989 1960 IV,
1013 1882 1063 1960 32,
1090 1871 1213 1950 σύνεσις
1233 1877 1265 1943 h.
1288 1897 1370 1942 nem.

280 1984 355 2066 vu,
379 1989 429 2066 oo,
461 1979 614 2060 υωυωις
640 1985 681 2050 al.
703 1991 769 2070 pyt.
793 1985 852 2068 lv,
878 1981 947 2068 ies,
980 1980 1150 2068 ὑπόκρισις
1171 1986 1212 2052 al.
1236 1969 1276 2052 f'r.
1300 1990 1371 2068 κω,

279 2087 445 2180 ἀπόφασις
465 2100 531 2178 pyt.
554 2093 596 2176 11,
621 2099 659 2158 76
673 2096 710 2178 ²).

365 2219 474 2285 Multa
505 2241 615 2286 eorum
644 2243 715 2306 quee
742 2241 841 2306 supra
868 2223 1051 2287 enumeravi
1083 2221 1309 2288 femininorum
1340 2223 1374 2286 in

280 2352 326 2407 -ις
358 2353 398 2396 ex
430 2331 500 2396 aliis
527 2332 710 2414 compositis
736 2334 889 2414 originem
912 2351 1002 2396 suam
1024 2331 1156 2412 ducunt,
1179 2329 1265 2414 quod
1288 2337 1321 2397 et
1341 2331 1374 2396 in

280 2442 318 2506 iis
339 2442 544 2526 perspicuum
566 2446 624 2522 est,
652 2462 789 2524 quorum
811 2440 971 2524 posterior
992 2461 1069 2525 pars
1090 2447 1148 2507 ant
1168 2441 1263 2525 plene
1285 2440 1375 2507 nulla

280 2557 330 2618 est
360 2543 543 2636 (ἀτίμωσις,
579 2543 754 2630 ἀνάπωτις,
791 2544 950 2628 ἔπίλασις,
987 2547 1124 2636 σύνεσις)
1157 2557 1214 2618 aut
1248 2556 1375 2617 tantum

280 2659 368 2746 apud
399 2660 593 2744 posteriores
625 2661 797 2744 scriptores
829 2660 990 2726 invenitur
1022 2653 1198 2746 (ἔκπληξις,
1232 2655 1374 2739 ἔπαλξις,

281 2763 479 2850 παραίνεσις,
502 2763 646 2855 πάρηξις,
668 2761 864 2855 ἀνάπαυσις)
886 2771 973 2834 etin
994 2771 1042 2852 iis,
1064 2791 1200 2853 quornm
1216 2771 1376 2855 posterior

281 2900 357 2964 pars
389 2899 585 2962 quamquem
617 2900 676 2962 per
707 2899 741 2944 se
773 2880 843 2962 ipsa
875 2885 936 2961 est,
970 2886 1092 2962 tamen,
1131 2881 1282 2964 qnoniam
1317 2901 1376 2964 per

282 2988 545 3070 significationem
585 2989 626 3055 ab
667 2989 722 3056 illo
764 2988 919 3056 vocabulo
961 2990 1035 3056 duni
1056 3012 1135 3056 non
1171 2996 1319 3074 possunt,
1356 3009 1377 3055 5

213 3141 214 3144 =
282 3097 379 3163 verbo
412 3098 626 3182 respondente
659 3099 835 3166 derivanda
867 3105 942 3166 sunt
963 3095 1188 3184 (παράφρασις,
1210 3094 1376 3178 ἀπόδοσις,

281 3186 493 3291 ὑπόσχεσις).1

367 3333 558 3421 Sigpifioent
588 3335 717 3419 quidem
751 3335 894 3401 feminini
921 3337 1047 3418 generis
1073 3336 1322 3420 compositorum
1344 3337 1377 3400 in

283 3468 331 3521 -ις
362 3444 463 3510 multo
495 3444 591 3528 plura
622 3445 791 3526 notionem,
824 3466 1018 3529 quamquam
1051 3466 1116 3510 non
1148 3443 1273 3526 desunt,
1306 3465 1377 3528 quse

284 3575 353 3620 rem
374 3553 555 3636 significent
575 3548 732 3638 (ἔκφυσις,
760 3549 905 3636 ἔμβασις,
931 3547 1172 3638 πρσσάμβασις,
1199 3548 1377 3638 πρόσοψις,

285 3685 422 3750 quornm
443 3663 601 3750 simplicia
622 3685 750 3747 quoque
771 3669 965 3748 concretam,
987 3669 1025 3730 ut
1038 3663 1139 3748 ajunt,
1155 3665 1218 3730 vim
1233 3663 1377 3748 habent).
