3144 4788
822 327 882 388 138

388 492 472 560 Sunt
492 498 603 556 tamen
624 491 722 556 etiarn
743 491 892 574 exempla
913 493 947 556 in
968 492 1084 576 quibus
1106 493 1251 573 genetivo
1273 493 1323 559 vel
1341 493 1398 560 da·

302 605 368 668 tivo
389 600 586 686 respondeat
606 602 765 684 posterior
784 623 875 685 pars:
899 596 1114 686 ἁμαρτοεττής,
1131 595 1397 689 ἀφαμαρτοεπής,

302 705 489 804 σ’ρρχέκακος,
517 703 695 796 (iaromir,
721 705 905 795 λαθικηδὴς,
932 704 1115 796 μιαιφόνος,
1141 708 1397 795 τερττιτέραιαος,

303 817 543 908 φαεσίμβροτος
556 821 595 904 ¹).

388 967 501 1047 Atque
529 966 626 1030 etiam
651 963 738 1030 illins
760 987 779 1029 a
800 963 923 1029 verbali
944 965 1061 1048 prioris
1082 965 1185 1046 partis
1208 966 1333 1030 ratione
1354 966 1398 1031 nd

259 1077 265 1089 “
303 1073 520 1142 adverbialem
558 1075 831 1156 transgressiones
868 1081 958 1138 certa
990 1079 1065 1138 sunt
1096 1073 1183 1156 apud
1215 1073 1396 1140 Homerum

303 1185 462 1268 exempla.
500 1179 586 1249 Nam
610 1185 750 1267 primum
771 1183 901 1248 illorum
923 1205 944 1248 a
965 1182 1060 1268 φιλο·
1082 1181 1155 1269 φιλ-
1177 1183 1397 1267 incipientium

304 1297 381 1361 lieet
408 1299 519 1359 oetera
544 1294 730 1378 possessiva
757 1294 875 1359 rationi
901 1293 1006 1359 locum
1029 1291 1107 1358 dent
1120 1293 1159 1377 ²),
1182 1299 1290 1358 tamen
1311 1293 1396 1360 idem

305 1405 403 1472 licere
439 1401 479 1468 de
515 1403 562 1482 iis,
597 1425 668 1486 quae
707 1408 782 1468 sunt
814 1397 1034 1488 φιλομμειδής,
1067 1396 1303 1488 φιλοτταίγριωα,
1336 1404 1397 1470 sibi

302 1513 500 1600 persuadere
533 1511 665 1578 difficile
693 1518 750 1578 est.
795 1511 924 1585 Μιῖὀος
945 1511 1030 1576 enim
1052 1511 1287 1578 substantivum
1308 1515 1397 1598 apud

304 1623 503 1708 Hesychinm
535 1622 685 1705 primurn,
719 1621 846 1703 τταῖγμα
878 1619 965 1704 apud
998 1621 1188 1706 Euripidem
1221 1623 1323 1690 solum
1350 1626 1398 1690 in·

304 1736 439 1798 venitur.
484 1729 569 1798 Sunt
600 1752 676 1797 vero
708 1732 805 1796 etiam
831 1731 896 1795 alia
920 1729 1004 1796 illius
1031 1732 1073 1797 ad
1095 1733 1158 1797 vim
1180 1731 1397 1800 adverbialem

303 1841 565 1924 transgressionis
587 1840 746 1925 exempla:
775 1833 946 1924 ἀεσίφρων,
974 1835 1170 1926 κλεψίφρωα,
1197 1839 1397 1928 μισγάγκεια,

304 1945 474 2037 ὀρσοθύρη,
497 1945 741 2036 ττηγεσίμαλλος,
762 1944 978 2032 ταλασίφρων,
1000 1942 1209 2034 φοσίγααθος.

389 2093 469 2179 Quae
490 2093 626 2158 mutatio
642 2113 705 2176 quo
721 2091 816 2158 modo
831 2091 919 2158 facta
934 2093 975 2157 sit
989 2091 1225 2175 apertissimum
1241 2101 1291 2160 est
1304 2118 1344 2162 ex
1358 2097 1397 2164 iis

304 2226 374 2290 quae
390 2201 554 2268 Hesiodus
570 2203 699 2268 novavit
713 2203 908 2287 compositis:
933 2196 1137 2286 ἀερσιπότρς,
1153 2195 1396 2292 ἀερσιπότητος.

303 2313 391 2380 Nam
406 2311 448 2379 ad
464 2297 703 2378 similitudinem
719 2311 885 2378 Homerici
901 2303 1076 2393 ἆερσιόοας
1090 2311 1166 2378 ficta
1182 2334 1250 2377 esse
1266 2315 1337 2396 quis
1348 2321 1398 2381 est

303 2425 382 2508 quin
403 2421 531 2488 videat?
553 2421 662 2507 Hujus
682 2428 791 2488 autem
812 2421 980 2508 compositi
995 2421 1083 2486 notio
1100 2421 1237 2487 verbalis
1251 2445 1272 2488 a
1286 2425 1396 2510 priore

303 2539 396 2618 parte
429 2531 524 2597 facile
557 2531 627 2596 fieri
659 2537 810 2616 potuerat
842 2538 879 2596 ut
904 2530 1034 2596 cederet
1061 2538 1095 2596 et
1114 2533 1292 2615 possessiva
1312 2535 1395 2600 ratio

303 2665 337 2708 se
368 2643 556 2722 insinuaret,
588 2641 636 2705 ita
662 2639 792 2725 quidem
813 2647 850 2706 ut
870 2643 959 2724 prior
980 2661 1057 2725 pars
1078 2640 1293 2709 adverbiadem
1315 2645 1396 2709 aoei-

302 2757 396 2836 peret
437 2750 715 2834 significationem:
765 2770 833 2815 som
877 2748 934 2830 fiir
976 2750 1077 2836 (τέρα)
1120 2753 1172 2814 sia
1216 2751 1269 2829 fot
1310 2753 1396 2836 aspa

303 2860 567 2946 Comparandum
600 2864 649 2924 est
680 2859 897 2946 Aeschylenm
932 2839 1143 2936 ὀττισθόττοος
1164 2881 1231 2926 τοτα
1253 2867 1323 2946 stpr
1344 2864 1396 2927 sin

300 2968 353 3048 fot
380 2970 470 3054 (σᾶν)
499 2970 620 3058 bokom.

389 3109 566 3196 Sophocles
598 3112 753 3178 nonnulla
777 3113 824 3178 ita
843 3112 945 3194 finxit
968 3114 1058 3180 utin
1079 3115 1188 3198 priore
1209 3122 1302 3198 parte
1324 3118 1396 3184 stir-

302 3241 377 3306 pem
409 3220 571 3288 verbalem
603 3227 752 3305 ponoret:
786 3215 1011 3300 ἅρχέτιλοσιος,
1045 3201 1241 3309 ἀλεξίμορσς,
1269 3219 1395 3304 ἀλεξαί-

304 3334 408 3413 detor,
424 3327 606 3418 ἑγρσμάχρς,
622 3325 789 3409 arenianes,
805 3325 993 3410 λαῧίτισισς,
1009 3329 1190 3420 αικομάχης,
1205 3333 1395 3414 ττασσασίας,

302 3435 475 3523 τρυσάνωρ,
502 3437 654 3526 φίλαυλος
680 3477 722 3490 —-·
748 3435 976 3527 φιλοίκτιστος,
998 3436 1203 3523 μελλότισσις,
1224 3439 1394 3526 {celidrum-

302 3571 375 3636 φσς,
396 3543 605 3634 prid-dyspor-

389 3871 413 3933 ¹)
430 3869 496 3936 Qum
513 3868 595 3923 attuli
612 3871 737 3939 exempla
750 3869 903 3937 Homerica,
918 3870 1078 3940 Aeschyleo,
1091 3873 1234 3928 Pindarioa
1245 3873 1395 3942 deolarant,

303 3953 393 4022 oredo,
409 3953 576 4022 probandam
599 3972 654 4008 non
672 3973 731 4010 esse
750 3957 853 4024 Meyeri
871 3958 1033 4012 sententiam
1052 3959 1209 4014 accusativo
1226 3973 1335 4028 semper
1351 3973 1393 4011 re-

303 4035 437 4107 spondere
454 4037 633 4107 posteriorem
649 4044 753 4107 partem
772 4039 863 4108 (Stud.
882 4041 942 4109 Vll,
958 4042 1015 4110 180,
1033 4041 1067 4110 V,
1087 4045 1141 4111 31).

388 4122 411 4191 ²)
428 4120 475 4176 cfr
492 4119 571 4177 Orth.
591 4139 618 4190 p.
637 4123 697 4192 146,
717 4125 776 4180 160,
