3094 4786
822 339 864 402 34

375 507 418 575 P:
441 500 758 588 commoriebantur.
781 505 830 589 H,
855 511 873 570 7
894 499 1012 590 (οἰτόν),
1040 497 1219 580 εόθόπνοος
1240 503 1281 570 al.
1303 525 1407 570 nem.

294 619 374 703 VII,
397 623 447 700 99,
480 612 677 700 μεγάλαυχος
702 617 744 682 el.
772 622 838 702 pyt.
867 615 967 698 VIII,
991 619 1040 697 15,
1074 607 1231 694 όξστόμσς
1252 619 1297 698 pt.
1320 619 1406 698 pyt.

292 729 354 812 IV,
377 731 438 794 263
460 723 629 812 (πελέκει),
651 717 820 810 ὥκόπσρος
840 726 872 791 h.
894 732 960 811 pyt.
984 725 1012 807 1,
1035 729 1084 790 74.

376 899 407 980 β.
452 893 652 978 Siyniflratio
669 895 815 976 passivo.

376 1034 443 1101 Ae:
466 1023 641 1113 βαρότιμος
655 1035 700 1115 pt.
717 1051 787 1114 sup.
803 1035 843 1095 25
859 1023 1002 1114 (χθόνιοι
1018 1029 1094 1110 uoq:
1108 1029 1206 1104 brad)
1216 1031 1254 1112 ¹),
1270 1028 1402 1096 λεπτό-

293 1144 394 1226 δομος
407 1162 491 1226 pers.
509 1145 569 1206 112
585 1134 784 1224 (πείσμασι),
799 1133 1033 1222 μεγαλόστονος
1043 1145 1088 1222 pt.
1101 1160 1149 1222 pr.
1162 1143 1224 1204 413
1236 1137 1402 1225 (πόμασι,

293 1255 342 1320 cfr
364 1277 392 1319 v.
414 1256 476 1317 407
500 1246 644 1313 στένουσι
669 1244 790 1335 τιμάν),
824 1243 981 1332 νεόγαμος
1000 1248 1042 1313 al.
1065 1269 1116 1330 ag.
1141 1253 1232 1332 1179,
1264 1247 1403 1334 νεογνός

292 1365 324 1430 h.
347 1385 398 1445 ag.
422 1364 514 1443 1163,
535 1353 713 1438 νεόόρσπος
734 1381 804 1444 sup.
829 1361 899 1440 354,
922 1352 1100 1440 νεόσπορος
1121 1380 1204 1424 eum.
1225 1364 1297 1442 659,
1321 1355 1401 1426 νεό-

292 1494 393 1553 τομος
424 1471 467 1536 al.
501 1469 551 1534 oh.
586 1472 635 1551 25,
668 1463 844 1556 νεότροφσς
875 1489 924 1550 ag.
960 1470 1022 1532 724
1055 1466 1119 1552 (cfr
1140 1476 1252 1535 nostra
1273 1470 1400 1553 ayqift,

215 1579 221 1592 “
293 1581 423 1666 ομίὸιλό,
457 1579 645 1664 eapientem
678 1579 812 1662 ομεᾶἀό,
847 1577 1016 1660 nesteron,
1049 1578 1152 1644 multa
1173 1579 1317 1664 ejusdem
1339 1603 1399 1663 ge-

293 1693 403 1777 neris),
435 1684 625 1772 πόντροπσς
656 1695 736 1772 sept.
760 1692 821 1752 955
844 1689 930 1771 (π-ιμ
946 1688 975 1772 ²)
997 1689 1107 1774 φυγᾷ),
1141 1685 1318 1766 πολ-όόονος
1339 1714 1395 1774 pr.

296 1807 356 1867 738
388 1793 549 1886 (πλάνην),
583 1819 667 1882 pers,
701 1803 762 1864 275
795 1792 972 1882 (σώματα),
1006 1791 1219 1882 πολύφθορος
1244 1799 1285 1866 al.
1308 1809 1393 1886 sept,

294 1915 355 1976 926
388 1903 515 1993 (στίχας
548 1929 646 1982 π-ονς
672 1910 684 1972 τ’
708 1907 828 1990 meiuod
851 1907 997 1993 dodana),
1032 1902 1223 1988 σεμνότιμος
1244 1910 1293 1976 oh.
1318 1915 1392 1995 357,

294 2041 377 2086 eum.
401 2022 472 2100 833,
494 2011 711 2098 ταχύπομπος
724 2019 753 2101 ⁸)
775 2039 845 2101 sup.
870 2020 950 2082 1046
973 2015 1166 2101 (διωγμοῖς).

378 2128 421 2193 P:
454 2120 633 2206 εόθότομος
664 2135 730 2212 pyt.
757 2127 799 2209 V,
823 2132 863 2192 90
886 2120 1002 2211 (tote),
1036 2120 1201 2207 εὖρότιμος
1222 2129 1263 2196 01.
1286 2131 1315 2214 Ι,
1336 2136 1388 2216 42,
1412 2183 1425 2210 .

293 2232 459 2314 νεόκτονος
480 2257 563 2302 nem.
588 2235 687 2319 VIII,
712 2241 761 2319 30,
783 2231 1009 2320 πολύστροφος
1033 2242 1079 2320 pt.
1102 2236 1142 2302 fr.
1165 2241 1237 2304 233.

380 2347 483 2432 Apud
497 2344 678 2412 Homerum
692 2347 787 2432 hujus
802 2346 927 2428 generis
942 2345 994 2430 (d)
1008 2353 1085 2412 sunt
1099 2349 1258 2432 exempla:
1271 2346 1389 2418 πάναι-

298 2463 367 2537 9ος,
390 2451 594 2534 πολύστονος,
611 2447 787 2540 ιόκόπορος,
803 2449 936 2538 νεογνός,
950 2451 1154 2542 νεόστροφος,
1172 2453 1389 2544 πολύτροπος,

295 2568 380 2636 Hes:
415 2559 638 2648 ἕτωσιοοργός;
669 2564 771 2650 Soph:
806 2557 974 2644 ὠκστόκος,
1002 2557 1172 2646 ιόκσβόλος,
1198 2563 1387 2650 κοινότοκσς,

295 2671 515 2762 πολόρραφσς.

380 2787 433 2850 Ex
454 2785 492 2850 iis
514 2805 585 2867 quae
607 2806 707 2868 supra
727 2785 783 2868 (a,
805 2783 847 2867 b.,
870 2805 908 2867 ο,
931 2783 979 2870 d.)
1001 2787 1184 2852 enumeravi
1206 2791 1386 2872 compositis

296 2895 478 2963 verbalibus
498 2894 533 2958 in
555 2916 609 2969 -ος
630 2893 739 2960 videre
760 2895 837 2960 lioet
857 2911 929 2960 eam
950 2897 1110 2962 rationem
1135 2899 1313 2980 composita
1333 2898 1385 2964 fin-

296 3006 401 3088 gendi,
438 3012 476 3070 ut
510 3005 544 3068 in
575 3005 684 3088 priore
717 3011 811 3088 parte
843 3025 960 3070 nomen
996 3007 1202 3092 (pronomen)
1238 3015 1383 3093 ponatur,

296 3119 330 3182 in
351 3116 530 3201 posteriore
552 3113 680 3180 verbale
702 3115 736 3178 in
758 3137 820 3194 -σς,
842 3113 929 3197 apud
951 3111 1150 3200 Aeschylum
1166 3123 1199 3182 et
1212 3117 1383 3184 Pindarum

296 3227 397 3294 multo
429 3225 526 3291 latius
554 3245 651 3308 quam
678 3221 765 3308 apud
797 3223 979 3290 Homerum
1010 3231 1132 3308 patere.
1177 3226 1263 3294 Nam
1292 3251 1383 3312 quum

297 3335 479 3422 Aeschylus
500 3336 568 3420 ipse
590 3355 689 3417 supra
711 3337 760 3416 50,
784 3333 945 3400 Pindarus
966 3335 1035 3418 ipse
1055 3357 1154 3418 supra
1174 3341 1214 3400 20
1229 3337 1382 3422 finxerint,

297 3465 462 3532 perpauca
487 3443 582 3510 modo
608 3443 650 3510 ab
676 3443 822 3510 Homero
844 3451 1061 3528 sumpserunt:
1105 3445 1172 3510 Ae:
1206 3439 1383 3530 ἀγρονόμος,

300 3549 500 3636 orontium,
534 3546 724 3638 όόοιπόρος,
758 3545 939 3638 ιόκύπορος,
971 3549 1110 3636 νεογνός,
1152 3554 1194 3620 P:
1228 3551 1382 3636 οἰοπόλος,

297 3659 483 3750 τοτράορος,
525 3658 742 3748 πρωτόγονος,
783 3657 972 3747 χροσόσρος,
1012 3659 1177 3744 βοαθόος,Ι
1214 3659 1382 3750 ὠκόπορος.

297 3774 404 3841 Multo
437 3775 534 3860 plura
565 3773 626 3839 nisi
658 3773 699 3882 ab
726 3773 803 3858 ipsis
824 3773 1031 3839 novatoribus
1053 3795 1118 3839 non
1140 3775 1286 3842 adhibita
1307 3781 1380 3840 sunt.

384 3979 407 4041 ¹)
425 3975 510 4030 Diod:
526 3977 653 4046 yraotter
666 3977 801 4045 puniens.

383 4063 407 4126 ²)
426 4061 483 4114 Alii
497 4061 588 4115 aotive
604 4062 833 4129 interpretantur.

384 4149 407 4212 ¹)
425 4146 507 4203 Diod.
524 4147 613 4203 active
631 4147 837 4216 interpretatur.
