3094 4786
680 330 732 392 17'

147 501 176 583 I,
198 505 249 581 63,
272 491 398 582 εὐλογία
418 497 460 564 al.
482 515 567 562 nem.
590 495 652 578 IV,
676 500 705 579 5,
728 488 902 576 εὐμαχανία
922 500 970 580 pt.
991 495 1076 562 istm.
1098 491 1167 578 ΙΙΙ,
1191 499 1242 578 20,

147 605 275 692 εὐμενίο
306 615 373 694 pyt.
396 587 484 688 ΧΙῙ,
506 608 578 690 4¹),
612 599 741 686 εὐνομία
763 605 794 669 h.
817 610 883 689 pyt.
905 603 948 687 V,
962 605 1022 688 67,
1050 598 1177 688 εὐσρκία
1199 606 1241 678 ol.

148 719 197 802 ΙΙ,
222 724 273 801 72,
304 711 430 798 εὐτυχία
452 717 494 784 ol.
515 737 598 782 nem.
622 715 650 798 I,
686 719 734 796 10,
768 707 912 800 εὐφαμιά
941 715 983 780 al.
1016 721 1084 800 pyt.
1115 715 1163 799 X,
1192 718 1253 798 35,

147 823 283 892 νωδυνία
304 828 346 894 al.
369 834 435 913 pyt.
458 803 527 910 ΙΙῘ,
550 831 579 908 6,
602 819 756 906 προξενία
779 824 820 890 ol.
843 845 926 890 nem.
950 825 1032 909 VII,
1055 827 1106 892 65.

248 998 300 1076 bb.
344 995 455 1060 Pauca
477 1015 498 1060 α
520 993 677 1075 stirpibus
698 995 732 1056 ιἰι
754 1013 803 1068 -ες
824 992 969 1058 derivato
990 999 1077 1059 sont.

235 1129 302 1198 Ae:
339 1121 505 1208 sinixtris
542 1130 584 1196 ol.
621 1149 669 1214 pr.
709 1131 779 1210 121,
817 1120 945 1192 ἀτέλεια
980 1129 1021 1196 el.
1055 1151 1138 1196 eum.
1173 1135 1244 1215 361,
1278 1194 1281 1200 .

151 1238 304 1324 ἐμμέλεια
326 1240 367 1306 al.
391 1239 431 1304 fr.
456 1244 504 1322 17,
538 1232 677 1321 εὐγένεια
698 1237 846 1322 ripere.
868 1241 941 1318 442,
964 1232 1087 1303 ebrioso
1108 1239 1140 1305 h.
1162 1245 1244 1325 sept.

151 1356 223 1433 685,
246 1343 387 1430 εὐχέρεια
408 1349 451 1415 ol.
473 1370 556 1414 eum.
577 1351 650 1430 494,
674 1343 834 1411 συντέλεια
856 1347 897 1414 ελ.
920 1354 1001 1433 sept.
1028 1351 1100 1416 251.

236 1459 279 1526 P:
302 1451 453 1536 ἀκέρδεια
475 1457 517 1524 01.
540 1457 569 1541 Ι,
592 1462 642 1523 53.

238 1569 315 1635 Jam
346 1567 434 1653 opud
467 1567 566 1632 Hom.
593 1568 688 1653 hujus
710 1567 836 1648 generis
857 1569 1035 1652 composite
1055 1589 1120 1635 non
1141 1589 1247 1655 pauca
1363 1559 1369 1572 '

154 1681 298 1746 fuerunt:
334 1670 466 1762 oiboprip,
503 1670 668 1762 ἀμηχανίη,
705 1671 845 1762 εὐπλοίη,
882 1670 1074 1763 εὐδαιμονίη,
1111 1670 1246 1764 εὐνομίη,

156 1783 331 1873 προέλπμίη,
368 1781 492 1873 νηνεμίη
524 1823 566 1834 -
598 1780 726 1873 εὐκλειή,
764 1779 920 1872 ἀναλκείη.
963 1785 1067 1872 Soph:
1104 1779 1247 1874 ἀκληρία,
1351 1769 1353 1777 ,

156 1895 342 1980 δυσομβρία,
370 1889 545 1980 εὐορνιδία,
569 1889 749 1978 συγχορδία.
1310 1885 1312 1888 ’

239 2003 352 2089 Atque
383 2028 431 2088 ea,
465 2027 537 2088 quae
570 2003 691 2070 Aesoh.
725 2011 758 2071 et
789 2003 884 2072 Pind.
911 2004 1083 2090 finxerunt,
1106 2007 1248 2092 exeeptis
1288 2092 1291 2100 1

154 2117 256 2183 ternis
293 2117 510 2199 quaternisve,
549 2115 590 2180 ab
626 2115 697 2180 aliis
733 2114 944 2200 scriptoribus
959 2149 962 2156 =
980 2115 1127 2184 adhibita
1162 2123 1247 2182 sunt.

240 2225 366 2291 Parvus
397 2232 447 2290 est
468 2245 620 2290 numerus
642 2247 763 2308 eorum,
786 2224 901 2308 quibus
923 2225 1121 2310 respondens
1143 2226 1248 2310 adjec-

155 2335 255 2400 tivum
277 2341 334 2400 aut
354 2335 450 2419 plane
472 2355 537 2400 non
558 2333 719 2400 exstabat:
747 2326 918 2418 ἀρτιζυγία,
941 2329 1098 2416 τρικυμία,
1121 2328 1248 2416 εὐμενία
1335 2317 1339 2324 ’

155 2444 229 2528 (pro
263 2436 416 2524 εὐμένεια,
448 2465 523 2510 nam
556 2437 684 2526 εὐμενσς
714 2443 778 2529 adj.
812 2443 935 2508 nullum
963 2446 1034 2530 est),
1057 2452 1114 2512 aut
1135 2467 1248 2530 quaea

155 2553 388 2637 posterioribus
428 2554 540 2637 primis
579 2554 789 2639 scriptoribus
824 2553 901 2619 ficte
937 2561 1025 2620 sunt:
1067 2549 1249 2641 δυσημερία,

156 2657 336 2744 δυσβουλία,
364 2659 535 2745 παροιμία.

276 2837 342 2898 χχ..
365 2814 533 2897 Porpaooo
553 2819 639 2894 suot,
652 2835 699 2888 eo,
720 2835 854 2900 ρασνιιιιι
864 2835 948 2896 pars
960 2815 1123 2898 posterior
1137 2833 1249 2880 ιισιννυιι

158 2925 356 2990 abstractum
378 2931 435 2992 est.

242 3058 310 3127 Ae:
333 3053 475 3126 ἀπουσία
497 3061 538 3126 al.
562 3081 612 3144 ag.
634 3063 706 3142 915,
731 3065 821 3143 1259,
841 3053 1004 3142 παρουσία
1019 3061 1061 3127 al.
1077 3081 1161 3144 pers.
1180 3063 1250 3142 169,

160 3168 304 3253 011671,
327 3166 474 3234 συνουσία
492 3172 538 3256 εδ.
561 3191 644 3236 eum.
667 3171 739 3235 285.
772 3249 774 3254 Ι

243 3279 289 3346 Iis
311 3280 412 3346 simile
434 3286 484 3346 est
504 3279 607 3346 Hom:
630 3275 808 3366 ἀματροχίη
821 3280 861 3365 ²).

286 3431 315 3498 δ.
362 3432 403 3498 In
419 3433 530 3516 priore
547 3437 645 3514 porto
666 3432 750 3497 inest
770 3451 882 3496 nomen
903 3430 1038 3511 opertis.

244 3565 312 3632 Ae:
336 3562 516 3648 πειθαρχία
538 3567 579 3632 al.
603 3573 684 3652 sept.
707 3570 778 3649 224,
800 3557 975 3652 φυξανορία
997 3584 1067 3648 ευρ.
1090 3564 1162 3652 9⁸).

244 3676 287 3743 P:
311 3672 480 3764 priorprior
502 3677 544 3743 ol.
567 3677 607 3742 fr.
631 3681 703 3742 229.

163 3807 363 3816 —————--

246 3880 269 3941 ¹)
288 3876 319 3929 V.
338 3875 370 3930 l.:
392 3876 513 3944 εδμλνιιιι,
535 3895 597 3946 ques
615 3877 702 3931 forma
719 3875 791 3946 opud
809 3879 914 3930 eeteros
933 3875 1080 3943 scriptores
1097 3871 1253 3928 adhibetur.

245 3962 270 4026 ²)
287 3961 370 4029 Cirjus
396 3963 488 4016 temen
514 3963 649 4030 posterior
674 3979 738 4030 pars
764 3961 879 4031 (ιροχιά)
909 3959 962 4014 nisi
987 3957 1060 4027 opud
1088 3959 1253 4026 posteriores

160 4063 216 4100 non
234 4046 382 4102 invenitur.

220 4183 223 4190 ,
246 4134 270 4196 ⁸)
287 4131 353 4187 Cod.
372 4131 525 4202 ηυξάνσραν,
544 4131 605 4186 ride
622 4130 705 4186 Dind.
722 4131 777 4185 lex.

1136 4229 1152 4280 2
